2417 3534
393 247 476 310 26
920 260 1299 312 CORNELII
1334 261 1676 314 iva-Pons

390 431 478 477 the
495 429 716 488 Spartan
736 430 907 489 kings.
964 431 1167 490 Failing
1185 435 1241 478 to
1261 435 1471 489 corrupt
1491 432 1578 478 the
1599 431 1812 489 oracles,
1829 433 1894 479 hc
1914 432 1959 480 is
1980 435 2201 482 accused

389 506 445 551 of
465 505 687 563 bribery.
748 506 828 552 He
848 505 891 552 is
912 506 1170 563 acquitted
1191 506 1293 552 and
1318 506 1441 552 falls
1465 506 1519 551 in
1544 506 1707 553 battle
1733 507 1937 566 against
1963 508 2049 555 the
2070 508 2202 555 The-

389 579 533 626 bans.
592 579 846 626 Seditious
867 593 1048 637 papers
1068 593 1154 626 are
1176 580 1337 626 found
1360 580 1499 627 after
1518 581 1598 626 his
1618 581 1789 626 death.

472 676 606 734 §1V.
650 677 912 735 Lysander
947 690 1072 723 once
1111 677 1273 723 asked
1312 677 1677 724 Pharnabazus
1718 682 1772 722 to
1804 677 1987 736 testify
2019 683 2074 724 to
2107 680 2199 725 the

387 753 661 812 humanity
680 754 807 800 with
828 754 994 799 which
1014 754 1077 799 he
1102 753 1301 800 carried
1331 766 1399 799 on
1429 753 1517 799 the
1547 767 1672 799 war.
1734 753 1841 800 The
1871 759 2048 812 sati-ap
2078 768 2198 801 con·-

387 830 584 886 sented,
635 831 728 876 but
777 831 996 888 secretly
1033 829 1347 876 substituted
1396 842 1429 876 a
1476 829 1750 876 document
1788 830 1967 888 giving
2005 843 2038 877 a
2076 836 2196 878 true

386 911 610 953 account
632 907 684 952 in
718 906 862 964 place
891 907 947 953 of
977 906 1065 953 the
1097 919 1192 953 one
1224 906 1392 952 which
1425 905 1689 964 Lysander
1718 905 1821 952 had
1858 919 1994 954 scen.
2055 907 2197 954 Thus

387 981 648 1040 Lysander
668 982 759 1028 fell
779 995 811 1028 a
831 981 1009 1027 victim
1030 986 1084 1026 to
1105 981 1184 1027 his
1205 994 1321 1027 own
1341 980 1521 1027 deecit.

326 1141 346 1176 1
465 1115 516 1173 Ι.
575 1114 898 1191 Lysander
926 1112 1452 1172 Lacedaemonius
1480 1121 1771 1188 magnam
1804 1112 2064 1190 reliquit
2092 1122 2196 1173 sui

385 1210 639 1284 famam,
657 1210 855 1284 magis
884 1209 1192 1269 felicitate
1214 1227 1403 1286 quam
1424 1209 1663 1268 virtute
1683 1214 1929 1286 partam
1948 1232 1963 1285 3
1997 1209 2194 1269 Athe-

385 1307 634 1366 niansas
664 1307 830 1365 enim
859 1307 1157 1365 adversus
1186 1305 1673 1382 Peloponnesios
1703 1305 1938 1365 bellum
1982 1325 2192 1382 geren-

320 1427 350 1462 2
385 1409 480 1462 tas
511 1407 687 1462 sexto
716 1408 778 1461 et
798 1401 1093 1461 vicesimo
1123 1411 1285 1461 anno
1314 1401 1656 1461 confacisse
1685 1409 1963 1478 apparet,
1984 1420 2191 1480 neque

383 1500 452 1559 id
489 1507 613 1576 qua
655 1499 895 1557 ratione
933 1504 1303 1557 consecutus
1347 1497 1431 1557 sit
1471 1497 1665 1573 latet3
1708 1507 1835 1558 non
1862 1499 2029 1558 enim
2070 1500 2191 1558 vir·
2263 1526 2295 1579 5

383 1601 520 1656 t1’1te
550 1605 650 1656 suI
677 1595 1002 1669 exercitsm,
1027 1594 1138 1654 sed
1164 1593 1563 1653 immodestia
1590 1595 1830 1654 factum
1857 1599 1956 1655 est
1976 1595 2191 1655 adver—

385 1693 704 1766 sariorum,
735 1701 862 1769 qui,
909 1691 1076 1768 quod
1120 1690 1290 1770 dicto
1334 1689 1658 1750 audientes
1703 1691 2186 1768 imperatoribus

385 1799 512 1850 suis
541 1799 667 1848 non
695 1793 890 1863 erant,
922 1787 1221 1864 dispalati
1248 1787 1317 1845 in
1344 1795 1508 1862 agris
1539 1787 1775 1847 relictis
1809 1787 2077 1848 navibus
2117 1788 2187 1847 in

381 1887 656 1947 hostium
700 1889 1009 1944 vanarunt
1053 1888 1444 1960 potestatem.
1530 1883 1664 1953 Quo
1712 1884 1883 1944 facto
1930 1885 2188 1944 Athani-

317 2011 347 2060 3
383 1993 561 2043 anses
607 1992 672 2042 se·
716 1980 1223 2040 Lacedaemoniis
1265 1980 1654 2040 dediderunt.
1740 1980 1882 2039 Hac
1922 1981 2185 2042 victoria
2228 2006 2293 2042 10

381 2079 705 2157 Lysander
727 2078 946 2151 alatus,
971 2095 1111 2136 cum
1141 2082 1326 2136 antea
1354 2095 1598 2153 semper
1625 2076 1928 2137 factiosus
1958 2078 2186 2137 audax-

380 2195 502 2253 que
529 2175 775 2250 fuisset,
807 2184 895 2234 sic
926 2173 1047 2233 sibi
1074 2173 1358 2247 indulsit,
1388 2179 1461 2232 ut
1490 2173 1623 2233 eius
1658 2182 1846 2249 opera
1884 2172 1954 2232 in
1994 2174 2185 2234 maxi-

379 2293 550 2331 mum
606 2272 819 2331 odium
874 2270 1171 2331 Graeciae
1227 2269 1706 2329 Lacedaemonii·
1759 2270 2178 2346 pervenerint.

311 2392 345 2440 4
376 2370 541 2428 Nam
588 2387 728 2427 cum
771 2369 932 2427 hanc
973 2386 1223 2427 causam
1266 2365 1743 2425 Lacedaemonii
1784 2366 2183 2426 dictitassent

379 2465 501 2526 sibi
542 2484 676 2525 esse
716 2464 886 2539 belli,
916 2469 988 2523 ut
1026 2462 1513 2523 Athaniensium
1555 2463 1961 2539 impotentem
1991 2463 2183 2522 domi·
2222 2489 2285 2542 15

376 2563 696 2622 nationem
724 2561 1156 2636 refringerent,
1173 2565 1506 2636 postquam
1527 2560 1697 2635 apud
1718 2558 1925 2635 Aegos
1947 2559 2182 2618 flumen

376 2659 700 2736 Lysander
747 2657 965 2718 classis
1014 2656 1293 2716 hostium
1342 2661 1437 2715 est
1485 2661 1741 2732 potitus,
1792 2655 1956 2714 nihil
2005 2655 2180 2715 aliud

375 2755 630 2815 molitus
659 2759 756 2814 est
784 2773 972 2831 quam
1013 2759 1084 2812 ut
1125 2762 1339 2812 omnas
1381 2751 1671 2812 civitates
1701 2751 1767 2810 in
1796 2761 1911 2811 sua
1936 2756 2182 2812 tenaret

374 2857 704 2930 potestate,
735 2869 876 2910 cum
905 2850 972 2909 id
999 2858 1065 2910 sa
1096 2848 1720 2908 Lacedaemoniorum
1760 2857 1947 2908 causa
1972 2849 2180 2908 facere

309 2974 336 3026 5
375 2949 714 3010 simularet.
825 2947 1112 3023 Namque
1166 2945 1462 3021 undique,
1520 2954 1631 3021 qui
1691 2944 2179 3004 Athaniansium
2218 2970 2287 3006 20

373 3047 556 3106 rebus
613 3043 1004 3106 studuissent
1045 3042 1277 3117 aiectTS,
1324 3042 1537 3100 decem
1582 3041 1897 3116 dalagerat
1936 3041 2005 3100 in
2053 3051 2181 3102 sina
