2417 3534
326 249 407 312 22
853 262 1231 315 CORNELII
1267 265 1484 315 ΝΕΡο
1492 265 1608 315 TIS

322 438 426 493 tus
456 439 566 492 est.
654 435 741 492 Te
771 439 981 493 autem
1008 443 1174 510 rogo,
1198 440 1271 493 ut
1298 435 1376 494 de
1404 435 1484 494 iis
1513 435 1713 508 rebus,
1739 443 1894 510 quas
1923 440 2128 493 tacum

322 529 595 606 colloqui
621 529 781 603 volo,
814 549 1090 589 annuum
1119 531 1276 588 mihi
1305 537 1553 608 tempus
1594 530 1701 590 des
1744 539 1939 607 eoque
1968 536 2132 589 tran-

324 632 495 685 sacto
524 627 605 686 ad
632 631 695 685 te
722 635 937 685 venire
966 626 1268 703 patiaris.'

402 822 479 879 X.
540 820 751 880 Hsiius
812 829 924 879 rex
989 819 1184 878 animi
1248 819 1748 896 magnitfidinem
1813 821 2126 880 admirans

322 917 701 993 cupiensque
768 916 963 974 talem
1031 915 1236 974 virum
1307 916 1428 975 sibi
1495 916 1815 976 conciliari
1880 916 2125 976 veniam

322 1013 513 1072 dedit.
625 1011 748 1070 Ille
817 1030 996 1070 omne
1065 1011 1230 1071 illud
1295 1017 1542 1089 tempus
1611 1012 1840 1072 litteris
1907 1023 2129 1072 sermo-

320 1119 510 1186 nique
554 1110 885 1168 Persarum
934 1108 1139 1168 dedit:
1200 1109 1428 1186 quibus
1478 1109 1631 1168 adeo
1682 1109 1963 1168 eruditus
2011 1114 2125 1183 est,

320 1213 393 1265 ut
449 1205 649 1264 multo
706 1205 1091 1265 commodius
1150 1206 1396 1265 dicatur
1454 1206 1620 1283 apud
1679 1216 1886 1280 regem
1942 1206 2128 1266 verba

322 1302 565 1376 facisse,
624 1319 810 1378 quam
872 1301 923 1358 ii
984 1307 1274 1378 poterant
1335 1311 1446 1378 qui
1506 1302 1574 1360 in
1630 1302 1888 1362 Perside
1951 1308 2128 1362 erant

322 1404 471 1458 nati.
580 1398 707 1457 Hic
762 1416 904 1456 cum
958 1397 1161 1457 multa
1214 1407 1348 1473 regi
1402 1404 1567 1458 esset
1620 1398 1941 1476 pollicitus
1998 1409 2129 1474 gra-

320 1495 760 1571 tissimumque
827 1494 1006 1568 illud,
1078 1503 1134 1554 si
1202 1504 1332 1555 suis
1403 1500 1500 1553 uti
1566 1495 1846 1556 consiliis
1914 1495 2125 1570 vellet,

320 1591 503 1650 illum
548 1590 871 1652 Graeciam
916 1590 1081 1650 bello
1124 1601 1585 1667 oppressurum,
1629 1601 1871 1666 magnis
1921 1601 2129 1651 mune·

320 1689 492 1749 ribus
544 1689 621 1747 ab
664 1687 1016 1746 Artaxerxe
1073 1687 1339 1747 donatus
1395 1687 1464 1746 in
1510 1687 1730 1748 Asiam
1784 1688 1974 1748 rediit
2029 1689 2129 1748 do-

320 1785 749 1861 miciliumque
798 1783 1160 1858 Magnesiae
1218 1783 1338 1843 sibi
1392 1785 1734 1844 constituit.
1839 1785 2128 1862 Namque

319 1883 479 1941 hanc
537 1882 753 1940 urbem
813 1889 873 1938 ei
929 1889 1041 1938 rex
1098 1880 1379 1955 donarat,
1435 1881 1536 1941 his
1593 1881 1846 1958 quidem
1899 1882 2126 1956 verbiS,

320 1997 478 2056 quae
534 1986 595 2036 ei
647 1985 872 2054 panem
927 1977 1252 2054 praeberet
1311 1979 1414 2055 (ex
1469 1987 1594 2054 qua
1647 1978 1898 2052 regione
1954 1988 2129 2056 quin-

321 2084 605 2152 quagena
650 2074 892 2133 talenta
938 2078 1273 2150 quotannis
1327 2073 1662 2154 redibant),
1713 2075 2126 2152 Lampsacum

320 2178 549 2245 autem,
578 2171 745 2229 unde
779 2179 996 2228 vinum
1037 2175 1326 2245 sfimeret,
1358 2171 1644 2248 Myunta,
1681 2189 1758 2229 ex
1795 2180 1920 2248 qua
1957 2171 2128 2232 obso-

319 2269 493 2327 nium
523 2268 797 2328 haberet.

401 2365 612 2424 Huius
642 2365 722 2423 ad
748 2369 1024 2422 nostram
1054 2362 1418 2422 memoriam
1451 2370 1854 2424 monumenta
1893 2373 2130 2426 manse-

321 2467 469 2520 runt
497 2461 619 2519 duo
643 2483 655 2519 ι
703 2459 1055 2537 sepulcrum
1084 2479 1277 2537 prope
1307 2459 1624 2537 oppidum,
1655 2460 1723 2519 in
1751 2471 1874 2538 quo
1902 2467 1998 2522 est
2041 2481 2129 2522 se-

254 2588 288 2634 4
321 2558 555 2636 pultus,
588 2561 797 2617 statua
824 2556 892 2614 in
921 2556 1060 2616 foro
1102 2556 1479 2632 Magnesiae.
1566 2558 1663 2616 De
1706 2558 1883 2618 cuius
1928 2565 2127 2618 morte

320 2654 708 2713 multimodis
758 2653 928 2730 apud
973 2653 1303 2730 plerosque
1353 2659 1653 2731 scriptum
1703 2660 1816 2730 est,
1861 2655 1972 2715 sed
2011 2665 2126 2716 nos

322 2753 585 2811 eundem
631 2750 1029 2828 potissimum
1073 2750 1504 2828 Thucydidem
1551 2758 1864 2811 auctorem
1913 2753 2130 2830 probae

2171 1423 2237 1459 10

2171 1905 2232 1959 15

321 2868 477 2922 mus,
508 2857 619 2925 qui
646 2847 825 2905 illum
850 2846 941 2906 ait
962 2846 1326 2922 Magnesiae
1347 2847 1560 2907 morbo
1582 2854 1893 2907 mortuum
1923 2868 2125 2926 neque
2163 2872 2228 2927 25

319 2950 508 3020 negat
534 2944 731 3004 fuisse
761 2944 1013 3018 famam,
1033 2952 1344 3002 venenum
1374 2953 1487 3003 sua
1516 2950 1735 3021 sponte
1767 2945 2122 3023 sumpsisse,

320 3061 459 3101 cum
491 3051 573 3116 se,
605 3059 761 3119 quae
792 3049 926 3116 regi
954 3041 1031 3098 de
1062 3039 1326 3100 Graecia
1353 3041 1763 3118 opprimenda
1803 3042 2123 3120 pollicitus
