2417 3534
382 288 467 351 48
912 303 1290 357 CORNELII
1327 303 1670 355 NEPOTIS

316 499 350 545 4
383 473 895 536 Atheniensibus.
986 478 1109 537 Sed
1137 476 1408 537 maxime
1438 476 1570 536 eius
1601 473 1958 553 eloquentia
1986 472 2189 533 eluxit

386 570 646 648 Spartae
676 571 870 646 legati
898 580 1043 632 ante
1073 583 1347 650 pugnam
1377 571 1785 632 Leuctricam.
1871 570 2004 641 Quo
2044 588 2189 628 cum

386 668 657 727 omnium
714 669 1017 729 sociorum
1068 670 1507 730 convenissent
1555 667 1766 744 legati,
1817 676 2021 727 coram
2069 665 2190 725 fre-

386 764 799 842 quentissimo
854 765 1238 842 legatienum
1292 772 1604 826 conventu
1648 774 1737 825 sic
1785 764 2189 824 Lacedaemo-

384 861 631 921 niorum
659 862 1058 940 tyrannidem
1088 862 1390 939 coarguit,
1417 868 1491 922 ut
1518 872 1644 922 nen
1672 861 1880 921 minus
1910 859 2024 920 illa
2060 868 2190 919 ora-
2264 880 2290 932 5

384 958 555 1017 tione
578 968 725 1035 opes
748 969 960 1019 cerum
982 959 1366 1021 concusserit
1387 978 1574 1037 quam
1603 958 1932 1018 Leuctrica
1955 966 2182 1035 pugne..

385 1056 547 1114 Tum
583 1055 749 1115 enim
788 1056 1072 1133 perfecit,
1104 1056 1272 1134 quod
1313 1061 1456 1133 post
1500 1054 1809 1133 apparuit,
1839 1058 1912 1113 ut
1952 1052 2188 1113 auxilio

386 1152 862 1212 Lacedaemonii
891 1152 1197 1213 socierum
1227 1157 1638 1231 privarentur.

466 1414 625 1472 §VIL
667 1416 882 1475 Though
922 1416 1156 1476 unjustly
1196 1416 1385 1463 robbed
1427 1416 1482 1462 os
1521 1415 1601 1462 his
1633 1414 1921 1472 command,
1954 1414 2189 1473 jealousy

386 1490 507 1537 does
544 1495 633 1536 not
672 1495 886 1548 prevent
921 1492 1001 1537 his
1036 1491 1246 1550 helping
1280 1492 1368 1537 the
1403 1503 1551 1549 army
1572 1491 1720 1537 when
1755 1490 1808 1535 in
1851 1490 2046 1535 stt-aits.
2110 1489 2188 1535 He

387 1564 580 1610 retains
614 1565 695 1611 his
729 1565 999 1611 command
1033 1566 1213 1623 longer
1248 1566 1376 1611 than
1412 1566 1498 1611 the
1533 1565 1634 1610 law
1669 1564 1863 1619 allows,
1898 1564 2093 1622 though
2133 1566 2189 1609 at

386 1640 473 1685 the
515 1639 625 1685 risk
664 1640 719 1685 of
757 1640 838 1686 his
877 1640 985 1695 life,
1022 1640 1240 1687 because
1280 1640 1344 1687 he
1384 1639 1606 1686 believes
1645 1639 1761 1684 that
1800 1638 1864 1684 he
1904 1638 2053 1684 alone
2091 1649 2188 1684 can

385 1726 507 1760 save
538 1716 625 1761 the
656 1719 806 1761 state.

468 1808 651 1867 §VIIL
695 1811 773 1855 An
805 1809 987 1867 appeal
1018 1815 1071 1855 to
1101 1809 1189 1855 the
1219 1809 1413 1855 court’s
1442 1821 1586 1855 sense
1616 1808 1671 1853 of
1699 1808 1918 1853 humour
1948 1811 2189 1865 prevents

385 1884 465 1930 his
495 1883 746 1942 suffering
775 1886 861 1930 the
892 1882 1026 1942 legal
1057 1883 1265 1942 penalty
1295 1884 1352 1929 of
1380 1882 1460 1929 his
1491 1889 1588 1930 act.

327 2040 346 2075 1
466 2015 615 2075 VII.
673 2016 894 2075 Fuisse
922 2015 1269 2092 patientem
1301 2024 1676 2091 suorumque
1699 2013 1960 2073 iniurias
1990 2012 2190 2072 feren-

386 2118 515 2171 tem
544 2112 792 2186 civium,
824 2113 991 2189 quod
1020 2121 1086 2171 se
1114 2111 1356 2188 patriae
1385 2120 1571 2171 irasci
1611 2111 1792 2170 nefas
1836 2128 1971 2170 esse
2015 2110 2189 2168 duce-
2230 2135 2288 2169 10
2386 2168 2387 2181 ἒ

387 2214 498 2282 ret,
530 2209 681 2267 haec
712 2215 859 2267 sunt
892 2208 1270 2267 testimonia.
1356 2208 1512 2269 Cum
1556 2226 1697 2266 eum
1739 2212 1995 2283 propter
2035 2205 2189 2264 invi-

387 2306 552 2365 diam
586 2314 751 2364 cives
790 2315 889 2364 sui
930 2304 1264 2383 praeficere
1306 2305 1608 2364 exercitui
1650 2303 2000 2363 noluissent
2041 2303 2190 2362 dux-

387 2421 506 2480 que
536 2407 703 2462 esset
730 2401 1007 2462 delectus
1049 2402 1202 2461 belli
1245 2401 1593 2480 imperitus,
1625 2401 1800 2460 cuius
1843 2408 2048 2459 errore
2089 2408 2188 2459 res

386 2508 457 2559 eo
487 2504 650 2559 esset
678 2499 961 2573 deducta,
985 2503 1056 2558 ut
1084 2508 1297 2558 omnes
1327 2498 1404 2557 de
1427 2498 1630 2558 salute
1657 2497 2186 2574 pertimescerent,

386 2596 551 2673 quod
598 2596 872 2655 locerum
918 2596 1224 2671 angustiis
1268 2594 1467 2655 clausi
1510 2595 1588 2654 ab
1629 2594 1914 2654 hostibus
1953 2592 2190 2653 obside-
2229 2617 2285 2669 15

385 2694 630 2766 bantur,
663 2693 1005 2751 desiderari
1032 2698 1252 2769 coepta
1279 2696 1376 2751 est
1416 2692 1889 2768 Epaminondae
1933 2690 2191 2771 diligen-

323 2812 351 2847 2
386 2789 503 2848 tia:
551 2795 684 2847 erat
714 2788 881 2847 enim
910 2788 998 2847 ibi
1028 2794 1314 2866 privatus
1341 2797 1600 2848 numero
1637 2787 1879 2848 militis.
1964 2776 2024 2845 Ᾰ
2067 2795 2190 2863 que

386 2904 526 2945 cum
582 2892 867 2961 peterent
922 2903 1118 2961 opem,
1175 2883 1418 2944 nullam
1473 2884 1765 2944 adhibuit
1827 2883 2189 2943 memoriam

386 2982 796 3040 contumeliae
844 2988 906 3040 et
952 2980 1294 3041 exercitum
1338 2980 1662 3042 obsidiene
1711 2980 2046 3040 liberatum
2091 2981 2190 3040 do-

322 3100 351 3150 3
386 3098 554 3137 mum
585 3077 836 3137 reduxit
864 3077 1254 3136 incolumem.
1325 3078 1460 3136 Nec
1481 3087 1628 3137 vero
1649 3077 1767 3137 hec
1795 3076 1988 3138 semel
2016 3076 2188 3153 fecit,
2224 3101 2288 3137 20
