<?xml version="1.0" encoding="UTF-8"?>
<!DOCTYPE html PUBLIC "-//W3C//DTD XHTML 1.0 Transitional//EN"
    "http://www.w3.org/TR/xhtml1/DTD/xhtml1-transitional.dtd">
<html xmlns="http://www.w3.org/1999/xhtml" xml:lang="en" lang="en">
 <head>
  <title>
</title>
<meta http-equiv="Content-Type" content="text/html;charset=utf-8" />
  <meta name='ocr-system' content='tesseract 3.04.00' />
  <meta name='ocr-capabilities' content='ocr_page ocr_carea ocr_par ocr_line ocrx_word'/>
</head>
<body>
  <div class='ocr_page' id='page_1' title='image "./selectedlives00barsgoog_0082.png"; bbox 0 0 2417 3534; ppageno 0'>
   <div class='ocr_carea' id='block_1_1' title="bbox 362 288 1646 356">
    <p class='ocr_par' dir='ltr' id='par_1_1' title="bbox 362 288 1646 356">
     <span class='ocr_line' id='line_1_1' title="bbox 362 288 1646 356; baseline 0.002 -3"><span class='ocrx_word' id='word_1_1' title='bbox 362 288 445 353; x_wconf 88' lang='lat'>56</span> <span class='ocrx_word' id='word_1_2' title='bbox 891 305 1268 356; x_wconf 78' lang='lat' dir='ltr'><strong><em>CORNELII</em></strong></span> <span class='ocrx_word' id='word_1_3' title='bbox 1306 304 1646 356; x_wconf 75' lang='lat' dir='ltr'><strong><em>NEPOTIS</em></strong></span> 
     </span>
    </p>
   </div>
   <div class='ocr_carea' id='block_1_2' title="bbox 269 462 2167 1018">
    <p class='ocr_par' dir='ltr' id='par_1_2' title="bbox 269 462 2167 1018">
     <span class='ocr_line' id='line_1_2' title="bbox 294 462 2166 554; baseline 0.002 -22"><span class='ocrx_word' id='word_1_4' title='bbox 294 501 329 547; x_wconf 91' lang='lat'><strong>4</strong></span> <span class='ocrx_word' id='word_1_5' title='bbox 363 474 533 533; x_wconf 87' lang='lat' dir='ltr'>Hinc</span> <span class='ocrx_word' id='word_1_6' title='bbox 562 475 629 533; x_wconf 91' lang='lat' dir='ltr'>in</span> <span class='ocrx_word' id='word_1_7' title='bbox 658 462 956 552; x_wconf 60' lang='lat' dir='ltr'>Kpuliam</span> <span class='ocrx_word' id='word_1_8' title='bbox 986 477 1290 554; x_wconf 85' lang='lat' dir='ltr'>pervenit.</span> <span class='ocrx_word' id='word_1_9' title='bbox 1363 477 1464 537; x_wconf 90' lang='lat' dir='ltr'>Ibi</span> <span class='ocrx_word' id='word_1_10' title='bbox 1495 476 1741 537; x_wconf 84' lang='lat' dir='ltr'>obviam</span> <span class='ocrx_word' id='word_1_11' title='bbox 1772 486 1832 535; x_wconf 89' lang='lat' dir='ltr'>ei</span> <span class='ocrx_word' id='word_1_12' title='bbox 1859 482 2166 536; x_wconf 83' lang='lat' dir='ltr'>venerunt</span> 
     </span>
     <span class='ocr_line' id='line_1_3' title="bbox 359 572 2167 647; baseline 0.002 -18"><span class='ocrx_word' id='word_1_13' title='bbox 359 572 485 629; x_wconf 90' lang='lat' dir='ltr'>duo</span> <span class='ocrx_word' id='word_1_14' title='bbox 514 572 818 647; x_wconf 81' lang='lat' dir='ltr'>censuleS,</span> <span class='ocrx_word' id='word_1_15' title='bbox 850 574 914 633; x_wconf 85' lang='lat' dir='ltr'>C.</span> <span class='ocrx_word' id='word_1_16' title='bbox 947 574 1280 633; x_wconf 77' lang='lat' dir='ltr'>Terentius</span> <span class='ocrx_word' id='word_1_17' title='bbox 1309 580 1373 633; x_wconf 85' lang='lat' dir='ltr'>et</span> <span class='ocrx_word' id='word_1_18' title='bbox 1402 575 1470 632; x_wconf 88' lang='lat' dir='ltr'>L.</span> <span class='ocrx_word' id='word_1_19' title='bbox 1503 573 1832 634; x_wconf 83' lang='lat' dir='ltr'><strong>Aemilius.</strong></span> <span class='ocrx_word' id='word_1_20' title='bbox 1919 575 2167 633; x_wconf 84' lang='lat' dir='ltr'>Utrius-</span> 
     </span>
     <span class='ocr_line' id='line_1_4' title="bbox 269 669 2165 754; baseline 0.001 -29"><span class='ocrx_word' id='word_1_21' title='bbox 269 747 274 754; x_wconf 96' lang='lat'><strong>.</strong></span> <span class='ocrx_word' id='word_1_22' title='bbox 363 686 482 744; x_wconf 92' lang='lat' dir='ltr'>que</span> <span class='ocrx_word' id='word_1_23' title='bbox 513 670 823 729; x_wconf 80' lang='lat' dir='ltr'>exercitus</span> <span class='ocrx_word' id='word_1_24' title='bbox 845 680 970 729; x_wconf 85' lang='lat' dir='ltr'>une</span> <span class='ocrx_word' id='word_1_25' title='bbox 997 671 1236 747; x_wconf 81' lang='lat' dir='ltr'>proelie</span> <span class='ocrx_word' id='word_1_26' title='bbox 1264 671 1530 746; x_wconf 74' lang='lat' dir='ltr'>fugavit,</span> <span class='ocrx_word' id='word_1_27' title='bbox 1551 670 1817 729; x_wconf 84' lang='lat' dir='ltr'>Paulum</span> <span class='ocrx_word' id='word_1_28' title='bbox 1847 669 2165 729; x_wconf 84' lang='lat' dir='ltr'>censulem</span> 
     </span>
     <span class='ocr_line' id='line_1_5' title="bbox 269 765 2160 844; baseline -0.002 -16"><span class='ocrx_word' id='word_1_29' title='bbox 269 770 274 828; x_wconf 80' lang='grc' dir='ltr'>ἐ</span> <span class='ocrx_word' id='word_1_30' title='bbox 362 765 594 825; x_wconf 88' lang='lat' dir='ltr'>occidit</span> <span class='ocrx_word' id='word_1_31' title='bbox 642 772 705 825; x_wconf 89' lang='lat' dir='ltr'>et</span> <span class='ocrx_word' id='word_1_32' title='bbox 753 766 994 843; x_wconf 80' lang='lat' dir='ltr'><strong>aliquot</strong></span> <span class='ocrx_word' id='word_1_33' title='bbox 1037 773 1362 844; x_wconf 77' lang='lat' dir='ltr'>praeterea</span> <span class='ocrx_word' id='word_1_34' title='bbox 1404 766 1777 840; x_wconf 77' lang='lat' dir='ltr'>censulares,</span> <span class='ocrx_word' id='word_1_35' title='bbox 1808 766 1874 824; x_wconf 91' lang='lat' dir='ltr'>in</span> <span class='ocrx_word' id='word_1_36' title='bbox 1919 775 2008 825; x_wconf 89' lang='lat' dir='ltr'>eis</span> <span class='ocrx_word' id='word_1_37' title='bbox 2051 766 2160 826; x_wconf 84' lang='lat' dir='ltr'>On.</span> 
     </span>
     <span class='ocr_line' id='line_1_6' title="bbox 269 848 2164 942; baseline 0.001 -23"><span class='ocrx_word' id='word_1_38' title='bbox 269 848 273 867; x_wconf 70' lang='lat'>¹</span> <span class='ocrx_word' id='word_1_39' title='bbox 366 861 702 920; x_wconf 87' lang='lat' dir='ltr'>Servilium</span> <span class='ocrx_word' id='word_1_40' title='bbox 759 863 1111 939; x_wconf 83' lang='lat' dir='ltr'>Geminum,</span> <span class='ocrx_word' id='word_1_41' title='bbox 1169 874 1280 941; x_wconf 90' lang='lat' dir='ltr'>qui</span> <span class='ocrx_word' id='word_1_42' title='bbox 1335 863 1653 942; x_wconf 83' lang='lat' dir='ltr'>superiere</span> <span class='ocrx_word' id='word_1_43' title='bbox 1722 871 1886 921; x_wconf 84' lang='lat' dir='ltr'>anne</span> <span class='ocrx_word' id='word_1_44' title='bbox 1956 862 2164 921; x_wconf 86' lang='lat' dir='ltr'>fuerat</span> 
     </span>
     <span class='ocr_line' id='line_1_7' title="bbox 364 958 599 1018; baseline 0 -1"><span class='ocrx_word' id='word_1_45' title='bbox 364 958 599 1018; x_wconf 82' lang='lat' dir='ltr'>censul.</span> 
     </span>
    </p>
   </div>
   <div class='ocr_carea' id='block_1_3' title="bbox 295 1151 2166 3157">
    <p class='ocr_par' dir='ltr' id='par_1_3' title="bbox 295 1151 2166 3157">
     <span class='ocr_line' id='line_1_8' title="bbox 442 1151 2164 1231; baseline 0 -19"><span class='ocrx_word' id='word_1_46' title='bbox 442 1152 517 1212; x_wconf 91' lang='lat' dir='ltr'>V.</span> <span class='ocrx_word' id='word_1_47' title='bbox 576 1153 716 1213; x_wconf 69' lang='lat' dir='ltr'>Hac</span> <span class='ocrx_word' id='word_1_48' title='bbox 761 1162 974 1231; x_wconf 72' lang='lat' dir='ltr'>pugne</span> <span class='ocrx_word' id='word_1_49' title='bbox 1014 1159 1294 1230; x_wconf 76' lang='lat' dir='ltr'>pugnata</span> <span class='ocrx_word' id='word_1_50' title='bbox 1337 1154 1601 1213; x_wconf 84' lang='lat' dir='ltr'>Remam</span> <span class='ocrx_word' id='word_1_51' title='bbox 1632 1152 1950 1229; x_wconf 84' lang='lat' dir='ltr'>profectus</span> <span class='ocrx_word' id='word_1_52' title='bbox 1988 1151 2164 1212; x_wconf 80' lang='lat' dir='ltr'>nulle</span> 
     </span>
     <span class='ocr_line' id='line_1_9' title="bbox 362 1249 2160 1327; baseline -0.001 -20"><span class='ocrx_word' id='word_1_53' title='bbox 362 1249 693 1310; x_wconf 76' lang='lat' dir='ltr'>resistente</span> <span class='ocrx_word' id='word_1_54' title='bbox 721 1250 790 1308; x_wconf 93' lang='lat' dir='ltr'>in</span> <span class='ocrx_word' id='word_1_55' title='bbox 818 1259 1184 1327; x_wconf 77' lang='lat' dir='ltr'>propinquis</span> <span class='ocrx_word' id='word_1_56' title='bbox 1214 1250 1356 1309; x_wconf 88' lang='lat' dir='ltr'>urbi</span> <span class='ocrx_word' id='word_1_57' title='bbox 1391 1250 1704 1309; x_wconf 83' lang='lat' dir='ltr'>mentibus</span> <span class='ocrx_word' id='word_1_58' title='bbox 1743 1254 2019 1308; x_wconf 73' lang='lat' dir='ltr'>moratus</span> <span class='ocrx_word' id='word_1_59' title='bbox 2048 1254 2160 1308; x_wconf 87' lang='lat' dir='ltr'>est.</span> 
     </span>
     <span class='ocr_line' id='line_1_10' title="bbox 365 1346 2164 1422; baseline -0.001 -17"><span class='ocrx_word' id='word_1_60' title='bbox 365 1346 521 1405; x_wconf 86' lang='lat' dir='ltr'>Cum</span> <span class='ocrx_word' id='word_1_61' title='bbox 571 1346 812 1422; x_wconf 84' lang='lat' dir='ltr'>aliquot</span> <span class='ocrx_word' id='word_1_62' title='bbox 855 1346 943 1405; x_wconf 91' lang='lat' dir='ltr'>ibi</span> <span class='ocrx_word' id='word_1_63' title='bbox 988 1347 1123 1407; x_wconf 91' lang='lat' dir='ltr'>dies</span> <span class='ocrx_word' id='word_1_64' title='bbox 1164 1352 1370 1406; x_wconf 86' lang='lat' dir='ltr'>castra</span> <span class='ocrx_word' id='word_1_65' title='bbox 1413 1346 1736 1405; x_wconf 85' lang='lat' dir='ltr'>habuisset</span> <span class='ocrx_word' id='word_1_66' title='bbox 1780 1352 1842 1404; x_wconf 90' lang='lat' dir='ltr'>et</span> <span class='ocrx_word' id='word_1_67' title='bbox 1887 1347 2164 1420; x_wconf 85' lang='lat' dir='ltr'>Capuam</span> 
     </span>
     <span class='ocr_line' id='line_1_11' title="bbox 364 1442 2162 1516; baseline 0.001 -16"><span class='ocrx_word' id='word_1_68' title='bbox 364 1448 797 1516; x_wconf 79' lang='lat' dir='ltr'>reverteretur,</span> <span class='ocrx_word' id='word_1_69' title='bbox 822 1442 889 1512; x_wconf 82' lang='lat' dir='ltr'>Q.</span> <span class='ocrx_word' id='word_1_70' title='bbox 913 1444 1144 1502; x_wconf 85' lang='lat' dir='ltr'>Fabius</span> <span class='ocrx_word' id='word_1_71' title='bbox 1174 1444 1510 1516; x_wconf 74' lang='lat' dir='ltr'>Maximus,</span> <span class='ocrx_word' id='word_1_72' title='bbox 1532 1443 1802 1501; x_wconf 74' lang='lat' dir='ltr'>dictator</span> <span class='ocrx_word' id='word_1_73' title='bbox 1825 1443 2162 1516; x_wconf 74' lang='lat' dir='ltr'>RemenuS,</span> 
     </span>
     <span class='ocr_line' id='line_1_12' title="bbox 365 1538 2163 1613; baseline 0 -17"><span class='ocrx_word' id='word_1_74' title='bbox 365 1539 433 1596; x_wconf 93' lang='lat' dir='ltr'>in</span> <span class='ocrx_word' id='word_1_75' title='bbox 462 1548 609 1613; x_wconf 83' lang='lat' dir='ltr'>agre</span> <span class='ocrx_word' id='word_1_76' title='bbox 637 1540 903 1598; x_wconf 83' lang='lat' dir='ltr'>Falerne</span> <span class='ocrx_word' id='word_1_77' title='bbox 931 1548 990 1597; x_wconf 92' lang='lat' dir='ltr'>ei</span> <span class='ocrx_word' id='word_1_78' title='bbox 1018 1550 1084 1598; x_wconf 87' lang='lat' dir='ltr'>se</span> <span class='ocrx_word' id='word_1_79' title='bbox 1114 1540 1359 1599; x_wconf 89' lang='lat' dir='ltr'>obiecit.</span> <span class='ocrx_word' id='word_1_80' title='bbox 1445 1540 1571 1599; x_wconf 90' lang='lat' dir='ltr'>Hic</span> <span class='ocrx_word' id='word_1_81' title='bbox 1601 1539 1849 1598; x_wconf 87' lang='lat' dir='ltr'>clausus</span> <span class='ocrx_word' id='word_1_82' title='bbox 1887 1538 2163 1597; x_wconf 83' lang='lat' dir='ltr'>locerum</span> 
     </span>
     <span class='ocr_line' id='line_1_13' title="bbox 365 1634 2164 1711; baseline -0.001 -17"><span class='ocrx_word' id='word_1_83' title='bbox 365 1636 670 1711; x_wconf 87' lang='lat' dir='ltr'>angustiis</span> <span class='ocrx_word' id='word_1_84' title='bbox 719 1642 908 1695; x_wconf 79' lang='lat' dir='ltr'>noctu</span> <span class='ocrx_word' id='word_1_85' title='bbox 956 1636 1092 1695; x_wconf 89' lang='lat' dir='ltr'>sine</span> <span class='ocrx_word' id='word_1_86' title='bbox 1141 1636 1273 1696; x_wconf 85' lang='lat' dir='ltr'>ulle</span> <span class='ocrx_word' id='word_1_87' title='bbox 1321 1636 1698 1695; x_wconf 85' lang='lat' dir='ltr'>detrimente</span> <span class='ocrx_word' id='word_1_88' title='bbox 1748 1634 2054 1695; x_wconf 81' lang='lat' dir='ltr'>exercitus</span> <span class='ocrx_word' id='word_1_89' title='bbox 2097 1644 2164 1695; x_wconf 88' lang='lat' dir='ltr'>se</span> 
     </span>
     <span class='ocr_line' id='line_1_14' title="bbox 364 1732 2164 1809; baseline -0.001 -18"><span class='ocrx_word' id='word_1_90' title='bbox 364 1733 685 1808; x_wconf 79' lang='lat' dir='ltr'>expedivit</span> <span class='ocrx_word' id='word_1_91' title='bbox 729 1732 1065 1809; x_wconf 83' lang='lat' dir='ltr'>Fabieque,</span> <span class='ocrx_word' id='word_1_92' title='bbox 1112 1732 1520 1793; x_wconf 85' lang='lat' dir='ltr'>callidissime</span> <span class='ocrx_word' id='word_1_93' title='bbox 1565 1732 1946 1809; x_wconf 72' lang='lat' dir='ltr'>imperateri‚</span> <span class='ocrx_word' id='word_1_94' title='bbox 1991 1732 2164 1791; x_wconf 87' lang='lat' dir='ltr'>dedit</span> 
     </span>
     <span class='ocr_line' id='line_1_15' title="bbox 364 1828 2166 1904; baseline -0.001 -18"><span class='ocrx_word' id='word_1_95' title='bbox 364 1829 565 1887; x_wconf 85' lang='lat' dir='ltr'>verba.</span> <span class='ocrx_word' id='word_1_96' title='bbox 651 1829 940 1904; x_wconf 84' lang='lat' dir='ltr'>Namque</span> <span class='ocrx_word' id='word_1_97' title='bbox 985 1829 1254 1888; x_wconf 77' lang='lat' dir='ltr'>obducta</span> <span class='ocrx_word' id='word_1_98' title='bbox 1294 1834 1475 1888; x_wconf 90' lang='lat' dir='ltr'>nocte</span> <span class='ocrx_word' id='word_1_99' title='bbox 1519 1834 1834 1887; x_wconf 86' lang='lat' dir='ltr'>sarmenta</span> <span class='ocrx_word' id='word_1_100' title='bbox 1870 1829 1937 1885; x_wconf 91' lang='lat' dir='ltr'>in</span> <span class='ocrx_word' id='word_1_101' title='bbox 1971 1828 2166 1887; x_wconf 90' lang='lat' dir='ltr'>corni-</span> 
     </span>
     <span class='ocr_line' id='line_1_16' title="bbox 364 1924 2163 2001; baseline 0 -18"><span class='ocrx_word' id='word_1_102' title='bbox 364 1925 477 1983; x_wconf 88' lang='lat' dir='ltr'>bus</span> <span class='ocrx_word' id='word_1_103' title='bbox 524 1924 924 1983; x_wconf 84' lang='lat' dir='ltr'>iuvencerum</span> <span class='ocrx_word' id='word_1_104' title='bbox 970 1925 1249 2000; x_wconf 75' lang='lat' dir='ltr'>deligata</span> <span class='ocrx_word' id='word_1_105' title='bbox 1296 1925 1575 1984; x_wconf 82' lang='lat' dir='ltr'>incendit</span> <span class='ocrx_word' id='word_1_106' title='bbox 1619 1925 1875 2001; x_wconf 90' lang='lat' dir='ltr'>eiusque</span> <span class='ocrx_word' id='word_1_107' title='bbox 1919 1924 2163 1998; x_wconf 85' lang='lat' dir='ltr'>generis</span> 
     </span>
     <span class='ocr_line' id='line_1_17' title="bbox 363 2019 2164 2098; baseline 0 -19"><span class='ocrx_word' id='word_1_108' title='bbox 363 2019 835 2079; x_wconf 79' lang='lat' dir='ltr'>multitudinem</span> <span class='ocrx_word' id='word_1_109' title='bbox 890 2030 1180 2096; x_wconf 73' lang='lat' dir='ltr'>magnam</span> <span class='ocrx_word' id='word_1_110' title='bbox 1225 2021 1599 2098; x_wconf 63' lang='lat' dir='ltr'>dispalatam</span> <span class='ocrx_word' id='word_1_111' title='bbox 1646 2021 1924 2080; x_wconf 83' lang='lat' dir='ltr'>immisit.</span> <span class='ocrx_word' id='word_1_112' title='bbox 2030 2020 2164 2089; x_wconf 68' lang='lat' dir='ltr'>Qus&gt;</span> 
     </span>
     <span class='ocr_line' id='line_1_18' title="bbox 364 2117 2164 2193; baseline -0.001 -17"><span class='ocrx_word' id='word_1_113' title='bbox 364 2122 691 2193; x_wconf 81' lang='lat' dir='ltr'>repentine</span> <span class='ocrx_word' id='word_1_114' title='bbox 712 2126 857 2176; x_wconf 77' lang='lat' dir='ltr'>visu</span> <span class='ocrx_word' id='word_1_115' title='bbox 884 2118 1124 2177; x_wconf 84' lang='lat' dir='ltr'>obiecte</span> <span class='ocrx_word' id='word_1_116' title='bbox 1146 2124 1395 2177; x_wconf 88' lang='lat' dir='ltr'>tantum</span> <span class='ocrx_word' id='word_1_117' title='bbox 1424 2122 1721 2177; x_wconf 85' lang='lat' dir='ltr'>terrerem</span> <span class='ocrx_word' id='word_1_118' title='bbox 1754 2117 1970 2176; x_wconf 87' lang='lat' dir='ltr'>iniecit</span> <span class='ocrx_word' id='word_1_119' title='bbox 1998 2134 2164 2175; x_wconf 87' lang='lat' dir='ltr'>exer-</span> 
     </span>
     <span class='ocr_line' id='line_1_19' title="bbox 364 2214 2165 2289; baseline -0.001 -16"><span class='ocrx_word' id='word_1_120' title='bbox 364 2214 519 2273; x_wconf 84' lang='lat' dir='ltr'>citui</span> <span class='ocrx_word' id='word_1_121' title='bbox 547 2214 988 2287; x_wconf 70' lang='lat' dir='ltr'>Remenerum‚</span> <span class='ocrx_word' id='word_1_122' title='bbox 1018 2220 1091 2273; x_wconf 91' lang='lat' dir='ltr'>ut</span> <span class='ocrx_word' id='word_1_123' title='bbox 1120 2216 1334 2289; x_wconf 89' lang='lat' dir='ltr'>egredi</span> <span class='ocrx_word' id='word_1_124' title='bbox 1373 2220 1552 2274; x_wconf 75' lang='lat' dir='ltr'>extra</span> <span class='ocrx_word' id='word_1_125' title='bbox 1592 2214 1828 2273; x_wconf 75' lang='lat' dir='ltr'>vallum</span> <span class='ocrx_word' id='word_1_126' title='bbox 1869 2222 2050 2272; x_wconf 84' lang='lat' dir='ltr'>neme</span> <span class='ocrx_word' id='word_1_127' title='bbox 2079 2214 2165 2272; x_wconf 86' lang='lat' dir='ltr'>sit</span> 
     </span>
     <span class='ocr_line' id='line_1_20' title="bbox 299 2309 2166 2386; baseline -0.002 -16"><span class='ocrx_word' id='word_1_128' title='bbox 299 2336 329 2386; x_wconf 93' lang='lat'>3</span> <span class='ocrx_word' id='word_1_129' title='bbox 364 2329 567 2370; x_wconf 72' lang='lat' dir='ltr'>ausus</span> <span class='ocrx_word' id='word_1_130' title='bbox 657 2310 839 2369; x_wconf 86' lang='lat' dir='ltr'>Hanc</span> <span class='ocrx_word' id='word_1_131' title='bbox 868 2316 1011 2386; x_wconf 88' lang='lat' dir='ltr'>post</span> <span class='ocrx_word' id='word_1_132' title='bbox 1052 2329 1182 2369; x_wconf 92' lang='lat' dir='ltr'>rem</span> <span class='ocrx_word' id='word_1_133' title='bbox 1226 2317 1464 2385; x_wconf 85' lang='lat' dir='ltr'>gestam</span> <span class='ocrx_word' id='word_1_134' title='bbox 1505 2320 1632 2369; x_wconf 82' lang='lat' dir='ltr'>nen</span> <span class='ocrx_word' id='word_1_135' title='bbox 1673 2310 1764 2369; x_wconf 87' lang='lat' dir='ltr'>ita</span> <span class='ocrx_word' id='word_1_136' title='bbox 1797 2310 2012 2369; x_wconf 89' lang='lat' dir='ltr'>multis</span> <span class='ocrx_word' id='word_1_137' title='bbox 2042 2309 2166 2368; x_wconf 86' lang='lat' dir='ltr'>die·</span> 
     </span>
     <span class='ocr_line' id='line_1_21' title="bbox 363 2406 2165 2483; baseline -0.001 -16"><span class='ocrx_word' id='word_1_138' title='bbox 363 2407 479 2467; x_wconf 89' lang='lat' dir='ltr'>bus</span> <span class='ocrx_word' id='word_1_139' title='bbox 509 2408 595 2466; x_wconf 93' lang='lat' dir='ltr'>M.</span> <span class='ocrx_word' id='word_1_140' title='bbox 629 2407 978 2467; x_wconf 89' lang='lat' dir='ltr'>Minucium</span> <span class='ocrx_word' id='word_1_141' title='bbox 1007 2408 1268 2482; x_wconf 82' lang='lat' dir='ltr'>Rufum,</span> <span class='ocrx_word' id='word_1_142' title='bbox 1298 2407 1666 2483; x_wconf 88' lang='lat' dir='ltr'>magistrum</span> <span class='ocrx_word' id='word_1_143' title='bbox 1709 2406 1992 2483; x_wconf 89' lang='lat' dir='ltr'>equitum</span> <span class='ocrx_word' id='word_1_144' title='bbox 2025 2415 2165 2483; x_wconf 86' lang='lat' dir='ltr'>pari</span> 
     </span>
     <span class='ocr_line' id='line_1_22' title="bbox 364 2503 2162 2581; baseline -0.001 -18"><span class='ocrx_word' id='word_1_145' title='bbox 364 2522 433 2563; x_wconf 90' lang='lat' dir='ltr'>ac</span> <span class='ocrx_word' id='word_1_146' title='bbox 462 2504 831 2564; x_wconf 68' lang='lat' dir='ltr'>dicteterem</span> <span class='ocrx_word' id='word_1_147' title='bbox 860 2504 1139 2581; x_wconf 75' lang='lat' dir='ltr'>imper-ie,</span> <span class='ocrx_word' id='word_1_148' title='bbox 1172 2504 1315 2563; x_wconf 83' lang='lat' dir='ltr'>dole</span> <span class='ocrx_word' id='word_1_149' title='bbox 1344 2505 1715 2581; x_wconf 85' lang='lat' dir='ltr'>preductum</span> <span class='ocrx_word' id='word_1_150' title='bbox 1750 2504 1817 2560; x_wconf 90' lang='lat' dir='ltr'>in</span> <span class='ocrx_word' id='word_1_151' title='bbox 1857 2503 2162 2581; x_wconf 88' lang='lat' dir='ltr'>proelium</span> 
     </span>
     <span class='ocr_line' id='line_1_23' title="bbox 362 2600 2165 2677; baseline -0.001 -18"><span class='ocrx_word' id='word_1_152' title='bbox 362 2601 626 2676; x_wconf 74' lang='lat' dir='ltr'>fugavit.</span> <span class='ocrx_word' id='word_1_153' title='bbox 714 2601 807 2660; x_wconf 84' lang='lat' dir='ltr'>Ti.</span> <span class='ocrx_word' id='word_1_154' title='bbox 855 2601 1289 2677; x_wconf 84' lang='lat' dir='ltr'>Semprenium</span> <span class='ocrx_word' id='word_1_155' title='bbox 1334 2600 1702 2674; x_wconf 83' lang='lat' dir='ltr'>Gracchum,</span> <span class='ocrx_word' id='word_1_156' title='bbox 1753 2600 1978 2659; x_wconf 88' lang='lat' dir='ltr'>iterum</span> <span class='ocrx_word' id='word_1_157' title='bbox 2029 2608 2165 2658; x_wconf 81' lang='lat' dir='ltr'>cen-</span> 
     </span>
     <span class='ocr_line' id='line_1_24' title="bbox 364 2696 2163 2771; baseline -0.001 -14"><span class='ocrx_word' id='word_1_158' title='bbox 364 2698 581 2771; x_wconf 86' lang='lat' dir='ltr'>sulem,</span> <span class='ocrx_word' id='word_1_159' title='bbox 612 2698 679 2756; x_wconf 90' lang='lat' dir='ltr'>in</span> <span class='ocrx_word' id='word_1_160' title='bbox 709 2699 979 2757; x_wconf 63' lang='lat' dir='ltr'>Lucanis</span> <span class='ocrx_word' id='word_1_161' title='bbox 1010 2698 1234 2757; x_wconf 79' lang='lat' dir='ltr'>absens</span> <span class='ocrx_word' id='word_1_162' title='bbox 1264 2697 1332 2755; x_wconf 92' lang='lat' dir='ltr'>in</span> <span class='ocrx_word' id='word_1_163' title='bbox 1373 2696 1636 2757; x_wconf 76' lang='lat' dir='ltr'>insidias</span> <span class='ocrx_word' id='word_1_164' title='bbox 1680 2696 2007 2755; x_wconf 89' lang='lat' dir='ltr'>inductum</span> <span class='ocrx_word' id='word_1_165' title='bbox 2037 2714 2163 2755; x_wconf 89' lang='lat' dir='ltr'>sus-</span> 
     </span>
     <span class='ocr_line' id='line_1_25' title="bbox 362 2791 2165 2869; baseline -0.001 -18"><span class='ocrx_word' id='word_1_166' title='bbox 362 2793 529 2852; x_wconf 89' lang='lat' dir='ltr'>tulit.</span> <span class='ocrx_word' id='word_1_167' title='bbox 615 2795 701 2851; x_wconf 89' lang='lat' dir='ltr'>M.</span> <span class='ocrx_word' id='word_1_168' title='bbox 736 2793 1064 2853; x_wconf 86' lang='lat' dir='ltr'>Claudium</span> <span class='ocrx_word' id='word_1_169' title='bbox 1109 2793 1498 2866; x_wconf 86' lang='lat' dir='ltr'>Marcellum,</span> <span class='ocrx_word' id='word_1_170' title='bbox 1531 2791 1908 2869; x_wconf 79' lang='lat' dir='ltr'>quinquiens</span> <span class='ocrx_word' id='word_1_171' title='bbox 1951 2800 2165 2851; x_wconf 82' lang='lat' dir='ltr'>censu—</span> 
     </span>
     <span class='ocr_line' id='line_1_26' title="bbox 295 2887 2163 2965; baseline -0.001 -18"><span class='ocrx_word' id='word_1_172' title='bbox 295 2916 330 2962; x_wconf 92' lang='lat'>4</span> <span class='ocrx_word' id='word_1_173' title='bbox 363 2889 505 2963; x_wconf 88' lang='lat' dir='ltr'>lem,</span> <span class='ocrx_word' id='word_1_174' title='bbox 536 2889 705 2965; x_wconf 88' lang='lat' dir='ltr'>apud</span> <span class='ocrx_word' id='word_1_175' title='bbox 724 2890 1066 2950; x_wconf 89' lang='lat' dir='ltr'>Venusiam</span> <span class='ocrx_word' id='word_1_176' title='bbox 1095 2898 1236 2965; x_wconf 91' lang='lat' dir='ltr'>pari</span> <span class='ocrx_word' id='word_1_177' title='bbox 1263 2890 1445 2948; x_wconf 80' lang='lat' dir='ltr'>mode</span> <span class='ocrx_word' id='word_1_178' title='bbox 1473 2887 1809 2947; x_wconf 82' lang='lat' dir='ltr'>interfecit.</span> <span class='ocrx_word' id='word_1_179' title='bbox 1880 2888 2163 2961; x_wconf 87' lang='lat' dir='ltr'>Longum</span> 
     </span>
     <span class='ocr_line' id='line_1_27' title="bbox 364 2984 2165 3061; baseline -0.001 -18"><span class='ocrx_word' id='word_1_180' title='bbox 364 2991 462 3044; x_wconf 91' lang='lat' dir='ltr'>est</span> <span class='ocrx_word' id='word_1_181' title='bbox 516 2984 724 3043; x_wconf 88' lang='lat' dir='ltr'>omnia</span> <span class='ocrx_word' id='word_1_182' title='bbox 778 2994 1136 3045; x_wconf 72' lang='lat' dir='ltr'>enumerare</span> <span class='ocrx_word' id='word_1_183' title='bbox 1192 2986 1447 3061; x_wconf 88' lang='lat' dir='ltr'>proelia.</span> <span class='ocrx_word' id='word_1_184' title='bbox 1548 2985 1752 3054; x_wconf 77' lang='lat' dir='ltr'>Quare</span> <span class='ocrx_word' id='word_1_185' title='bbox 1806 2984 1924 3043; x_wconf 83' lang='lat' dir='ltr'>hec</span> <span class='ocrx_word' id='word_1_186' title='bbox 1969 3002 2165 3041; x_wconf 91' lang='lat' dir='ltr'>unum</span> 
     </span>
     <span class='ocr_line' id='line_1_28' title="bbox 366 3080 2166 3157; baseline -0.002 -16"><span class='ocrx_word' id='word_1_187' title='bbox 366 3081 520 3141; x_wconf 90' lang='lat' dir='ltr'>satis</span> <span class='ocrx_word' id='word_1_188' title='bbox 566 3080 687 3140; x_wconf 89' lang='lat' dir='ltr'>erit</span> <span class='ocrx_word' id='word_1_189' title='bbox 732 3081 986 3154; x_wconf 88' lang='lat' dir='ltr'>dictum,</span> <span class='ocrx_word' id='word_1_190' title='bbox 1018 3100 1095 3139; x_wconf 84' lang='lat' dir='ltr'>ex</span> <span class='ocrx_word' id='word_1_191' title='bbox 1139 3090 1264 3157; x_wconf 83' lang='lat' dir='ltr'>que</span> <span class='ocrx_word' id='word_1_192' title='bbox 1307 3080 1594 3155; x_wconf 86' lang='lat' dir='ltr'>intellegi</span> <span class='ocrx_word' id='word_1_193' title='bbox 1637 3080 1853 3156; x_wconf 90' lang='lat' dir='ltr'>possit,</span> <span class='ocrx_word' id='word_1_194' title='bbox 1893 3084 2166 3156; x_wconf 88' lang='lat' dir='ltr'>quantus</span> 
     </span>
    </p>
   </div>
   <div class='ocr_carea' id='block_1_4' title="bbox 2211 1464 2274 1499">
    <p class='ocr_par' dir='ltr' id='par_1_4' title="bbox 2211 1464 2274 1499">
     <span class='ocr_line' id='line_1_29' title="bbox 2211 1464 2274 1499; baseline 0 0"><span class='ocrx_word' id='word_1_195' title='bbox 2211 1464 2274 1499; x_wconf 87' lang='lat'>10</span> 
     </span>
    </p>
   </div>
   <div class='ocr_carea' id='block_1_5' title="bbox 2209 1947 2270 2001">
    <p class='ocr_par' dir='ltr' id='par_1_5' title="bbox 2209 1947 2270 2001">
     <span class='ocr_line' id='line_1_30' title="bbox 2209 1947 2270 2001; baseline 0 0"><span class='ocrx_word' id='word_1_196' title='bbox 2209 1947 2270 2001; x_wconf 87' lang='lat'>15</span> 
     </span>
    </p>
   </div>
   <div class='ocr_carea' id='block_1_6' title="bbox 2206 2911 2272 2965">
    <p class='ocr_par' dir='ltr' id='par_1_6' title="bbox 2206 2911 2272 2965">
     <span class='ocr_line' id='line_1_31' title="bbox 2206 2911 2272 2965; baseline 0 0"><span class='ocrx_word' id='word_1_197' title='bbox 2206 2911 2272 2965; x_wconf 89' lang='grc'>25</span> 
     </span>
    </p>
   </div>
  </div>
 </body>
</html>
