2417 3534
883 299 1472 352 EPAMINONDAS
1996 287 2078 353 47

270 481 387 550 qui
440 480 515 531 ea
568 470 817 531 diutina
870 469 1093 531 volunt
1146 471 1296 548 frui,
1342 470 1509 531 belle
1565 470 1891 533 exercitati
1945 488 2082 532 esse

272 569 521 628 debent.
606 568 808 639 Quare
854 577 911 629 si
950 567 1268 647 principes
1326 568 1624 630 Graeciae
1672 568 1868 628 vultis
1923 587 2078 644 esse,

201 691 231 744 5
272 671 497 726 castris
546 670 644 726 est
690 666 869 726 vebis
919 666 1243 741 utendum,
1289 674 1416 726 nen
1463 664 1816 743 palaestra)
1901 652 2080 725 Idem

272 762 385 821 ille
414 761 799 823 Meneclides
842 779 983 822 cum
1025 762 1173 822 huic
1219 762 1508 838 obiceret,
1540 762 1708 840 quod
1757 761 1878 822 sibi
1922 763 2082 839 Aga-

273 859 623 920 memnonis
671 859 824 920 belli
871 858 1133 936 gleriam
1180 859 1502 920 videretur
1551 865 1955 920 censecfltus:
2015 865 2082 920 at
2151 880 2177 934 5

200 967 237 1016 6
272 956 385 1016 ille
436 956 686 1032 ‘Quod,’
736 955 963 1034 inquit,
1016 962 1149 1016 ‘me
1196 957 1727 1032 Agamemnonem
1779 955 2083 1016 aemulari

273 1056 478 1130 putaS,
508 1051 769 1112 falleris.
852 1053 1143 1130 Namque
1172 1051 1282 1112 ille
1311 1071 1450 1112 cum
1481 1052 1778 1114 universa
1816 1053 2082 1113 Graecia

272 1149 387 1208 vix
432 1149 643 1208 decem
683 1157 865 1209 annis
908 1159 1099 1208 unam
1142 1149 1313 1227 cepit
1352 1149 1586 1224 urbem,
1618 1168 1732 1225 ego
1760 1154 1978 1209 contra
2007 1167 2082 1209 ea

272 1254 403 1305 una
427 1245 578 1305 urbe
606 1251 822 1306 nostra
860 1245 1087 1323 dieque
1127 1254 1256 1306 une
1296 1250 1496 1306 tetam
1539 1244 1867 1306 Graeciam
1896 1247 2081 1306 Lace-

274 1341 620 1402 daemoniis
649 1341 885 1418 fugatis
915 1341 1217 1402 liberavi)
2119 1364 2181 1398 10

206 1565 229 1601 ι
356 1535 467 1594 VI.
528 1535 704 1594 Idem
746 1554 887 1594 cum
927 1535 995 1594 in
1033 1541 1408 1596 conventum
1437 1536 1714 1597 venisset
1742 1538 2078 1612 Arcadum,

274 1638 495 1710 petens
524 1637 595 1692 ut
624 1632 985 1692 societatem
1014 1651 1155 1691 cum
1186 1633 1502 1693 Thebanis
1533 1639 1596 1692 et
1624 1633 1878 1708 Argivis
1921 1635 2081 1694 face-

273 1735 435 1804 rent,
465 1734 803 1806 contraque
842 1729 1260 1805 Callistratus,
1291 1728 1775 1789 Atheniensium
1818 1729 2078 1806 legatus,

274 1835 387 1904 qui
415 1825 773 1904 eloquentia
800 1834 1011 1885 omnes
1042 1835 1115 1886 ee
1143 1826 1504 1903 praestabat
1545 1831 1842 1903 tempore,
1874 1833 2102 1904 postu-‘

273 1922 437 1982 laret
463 1928 536 1982 ut
561 1921 771 2000 potius
801 1921 1143 1982 amicitiam
1174 1928 1583 2000 sequerentur
1611 1923 1985 1999 Atticerum,
2018 1931 2082 1984 et
2123 1945 2178 1999 ¹5

274 2019 345 2079 in
374 2019 651 2079 eratiene
682 2028 795 2080 sua
821 2018 1023 2078 multa
1048 2018 1336 2080 invectus
1366 2024 1531 2079 esset
1559 2019 1627 2078 in
1657 2020 1986 2081 Thebanos
2017 2026 2081 2081 et

204 2139 242 2176 2
276 2115 547 2192 Argives
578 2116 644 2175 in
674 2125 889 2193 eisque
916 2115 1034 2176 hec
1063 2116 1396 2194 posuisset,
1435 2115 1711 2175 animum
1755 2118 2080 2176 advertere

278 2213 500 2273 debere
550 2212 844 2287 Arcades,
896 2211 1113 2290 quales
1154 2219 1422 2290 utraque
1467 2213 1694 2273 civitas
1738 2222 1904 2273 cives
1948 2223 2082 2291 pre-

275 2315 563 2384 creasset,
594 2327 672 2368 cx
700 2308 927 2387 quibus
957 2308 1036 2368 de
1064 2315 1287 2370 ceteris
1315 2316 1573 2387 possent
1610 2309 1921 2370 iudicare:
1967 2310 2082 2369 Ar-

278 2415 454 2482 gives
505 2406 671 2465 enim
720 2405 919 2466 fuisse
962 2407 1246 2468 Orestem
1288 2413 1352 2467 et
1392 2408 1832 2467 Alcmaeonem
1876 2407 2086 2465 matri·
2121 2429 2184 2464 20

277 2503 467 2577 cidaS,
518 2503 751 2562 Thebis
802 2501 1111 2579 Oedipum
1164 2507 1401 2576 natum,
1459 2511 1585 2580 qui,
1643 2521 1783 2561 cum
1839 2509 2082 2581 patrem

278 2619 460 2661 suum
510 2598 950 2674 interfecisset,
1001 2617 1080 2658 ex
1126 2604 1326 2658 matre
1380 2598 1610 2659 liberes
1660 2606 2079 2676 precreasset:

208 2725 241 2775 3
276 2697 425 2757 huic
466 2697 534 2755 in
579 2695 1010 2774 respondende
1054 2695 1541 2772 Epaminondas,
1573 2713 1712 2754 cum
1753 2696 1831 2756 de
1859 2703 2082 2758 ceteris

277 2799 646 2872 perci-asset,
665 2798 997 2870 postquam
1028 2792 1109 2851 ad
1134 2791 1250 2850 illa
1270 2791 1394 2851 duo
1415 2792 1749 2869 opprobria
1775 2795 2081 2871 pervenit,

278 2891 579 2952 admirari
608 2899 673 2950 se
700 2889 865 2949 dixit
894 2887 1230 2948 stultitiam
1260 2887 1526 2948 rhetoris
1556 2888 1775 2965 Attici,
1808 2900 1917 2968 qui
1958 2900 2085 2952 nen
2121 2913 2180 2968 25

278 2985 809 3060 animadverterit,
839 2985 1201 3045 innocentes
1232 2983 1376 3045 illes
1419 2990 1598 3046 nates
1631 2986 1818 3061 domi,
1851 2988 2083 3048 scelere

278 3085 551 3145 admisse
579 3102 719 3143 cum
749 3081 955 3159 patria
983 3087 1193 3142 essent
1222 3082 1484 3158 expulsi,
1515 3089 1796 3159 receptes
1833 3101 1967 3144 esse
2007 3085 2084 3144 ab
