2417 3534
357 294 438 359 16
880 312 1259 365 CORNELII
1297 316 1513 367 ΝΕΡο
1521 317 1638 366 TIs

353 479 792 541 fidelissimum
842 485 922 542 ad
966 494 1175 560 regem
1225 487 1416 560 misit,
1445 492 1520 545 ut
1564 497 1623 545 ei
1665 486 1988 547 nuntiaret
2026 497 2155 548 suis

286 603 320 652 4
354 578 577 653 verbis,
610 579 998 641 adversarios
1039 581 1172 642 eius
1213 582 1281 640 in
1319 583 1474 658 fuga
1501 602 1668 643 esse:
1714 592 1824 661 qui
1853 593 1908 644 si
1935 584 2158 644 disces-

354 674 599 751 sissent,
630 676 864 736 maiore
892 696 1033 737 cum
1062 678 1274 738 labore
1313 685 1376 739 et
1417 679 1849 758 longinquiore
1877 686 2156 759 tempore

352 771 587 831 bellum
617 773 1065 849 confecturum,
1096 794 1239 835 cum
1282 776 1561 851 singulos
1604 782 1948 838 consectari
1988 787 2158 853 coge·

352 875 555 945 retur3
601 879 755 948 quos
786 880 842 931 si
871 871 1087 953 statim
1124 873 1582 948 aggrederetur,
1613 874 1790 933 brevi
1831 874 2154 934 universos
2227 896 2258 950 5

352 977 809 1042 oppressurum.
896 968 1037 1028 Hoc
1059 978 1131 1028 eo
1152 969 1419 1044 valebat,
1442 976 1515 1030 ut
1542 969 1831 1047 ingratiis
1862 971 1943 1030 ad
1971 972 2156 1048 depu-

288 1087 313 1141 5
352 1064 668 1138 gnandum
696 1073 909 1124 omnes
938 1072 1320 1140 cogerentur.
1407 1068 1546 1126 Hac
1579 1077 1646 1126 re
1687 1068 1904 1127 audita
1943 1068 2156 1128 barba-

350 1179 474 1234 rus,
505 1161 667 1219 nihil
697 1161 827 1220 doli
855 1163 1107 1222 subesse
1131 1163 1408 1239 credens,
1432 1164 1738 1241 postridie
1769 1163 2153 1224 alienissimo

352 1257 471 1317 sibi
513 1257 666 1333 loco,
697 1263 913 1317 contra
956 1259 1487 1336 opportunissimo
1528 1259 1813 1318 hostibus
1857 1259 2011 1317 adeo
2053 1277 2154 1316 an-

350 1359 531 1429 gusto
586 1364 745 1412 mari
803 1355 1103 1430 conflixit,
1159 1360 1234 1414 ut
1287 1355 1421 1414 eius
1489 1353 1829 1412 multitudo
1896 1353 2152 1413 navium
2196 1375 2264 1413 10

350 1450 652 1527 explicari
678 1459 803 1510 non
831 1451 1121 1528 potuerit.
1193 1452 1418 1511 Victus
1448 1457 1591 1524 ergo
1615 1454 1711 1508 est
1732 1449 1931 1526 magis
1961 1449 2149 1509 etiam

349 1547 611 1608 consilio
639 1547 1049 1608 Themistocli
1077 1567 1266 1625 quam
1295 1555 1484 1607 arm1s
1515 1546 1827 1607 Graeciae.

288 1768 308 1804 1
427 1745 501 1805 V.
560 1746 687 1804 Hic
717 1751 838 1806 etsi
864 1743 1025 1804 male
1055 1763 1186 1804 rem
1217 1751 1511 1820 gesserat,
1542 1750 1755 1806 tamen
1796 1750 2006 1806 tantas
2047 1745 2152 1805 ha-

348 1841 534 1900 bebat
562 1842 859 1918 reliquias
890 1842 1227 1919 copiarum,
1246 1847 1320 1902 ut
1342 1843 1668 1902 etiamtum
1692 1842 1771 1902 iis
1801 1842 2149 1919 opprimere

348 1942 559 2015 posset
587 1939 831 1998 hostes:
874 1937 1103 1998 iterum
1126 1940 1203 2000 ab
1234 1940 1450 1999 eodem
1478 1939 1676 2014 gradu
1706 1938 2003 2015 depulsus
2034 1944 2144 1999 est.
2191 1958 2251 2011 15

345 2036 513 2096 Nam
543 2029 1011 2109 ThemistocleS,
1041 2046 1263 2095 verens
1305 2046 1383 2095 ne
1425 2036 1659 2096 bellare
1701 2041 2146 2112 perseveraret,

347 2132 672 2191 certiorem
717 2149 857 2191 eum
903 2132 1057 2191 fecit
1102 2133 1169 2192 id
1215 2141 1333 2208 agi,
1380 2138 1452 2192 ut
1491 2142 1671 2210 -pons,
1702 2152 1887 2210 quem
1931 2132 2040 2192 ille
2081 2131 2151 2189 in

347 2229 763 2305 Hellesponto
781 2229 1031 2304 fecerat,
1053 2228 1499 2290 dissolveretur
1521 2248 1592 2289 ac
1613 2229 1821 2288 reditu
1842 2229 1908 2287 in
1927 2228 2149 2288 Asiam

284 2345 313 2381 2
348 2325 797 2400 excluderetur,
843 2325 1034 2403 idque
1079 2335 1139 2384 ei
1186 2325 1514 2402 persuasit.
1601 2327 1824 2403 Itaque
1866 2335 1992 2403 qua
2040 2343 2150 2385 sex

346 2423 664 2483 mensibus
692 2422 813 2481 iter
841 2422 1095 2497 fecerat,
1127 2422 1345 2481 eadem
1382 2422 1590 2482 minus
1621 2422 1840 2482 diebus
1881 2421 2151 2497 triginta
2187 2441 2256 2478 20

346 2521 415 2579 in
443 2519 663 2580 Asiam
693 2537 977 2579 reversus
1007 2523 1103 2579 est
1134 2529 1322 2596 seque
1362 2537 1399 2578 a
1425 2518 1847 2580 Themistocle
1887 2527 2014 2578 non
2057 2538 2152 2579 su-

282 2641 311 2691 3
346 2622 649 2694 peratum,
682 2616 792 2676 sed
820 2622 1254 2676 conservatum
1283 2616 1601 2676 iudicavit.
1689 2617 1791 2676 Sic
1815 2625 1999 2676 unius
2027 2615 2152 2675 viri

347 2713 682 2791 prudentia
723 2712 986 2774 Graecia
1028 2712 1296 2772 liberata
1339 2718 1435 2772 est
1482 2714 1892 2791 Europaeque
1943 2731 2151 2772 succu-

346 2810 483 2870 buit
511 2809 682 2870 Asia.
768 2810 943 2868 Haec
990 2809 1188 2869 altera
1232 2810 1514 2884 victoria,
1561 2829 1720 2887 quae
1765 2828 1905 2868 cum
1950 2811 2151 2869 Mara-

346 2906 564 2967 thonio
609 2906 810 2984 possit
854 2915 1201 2983 comparari
1245 2912 1515 2983 tropaeo.
1600 2906 1766 2966 Nam
1801 2907 2150 2984 parimodo
2187 2925 2252 2980 25

347 3005 515 3082 apud
544 3004 864 3064 Salamina
889 3013 1083 3081 parvo
1113 3013 1372 3063 numero
1399 3002 1653 3062 navium
1697 3002 1972 3063 maxima
2006 3007 2151 3080 post

345 3101 670 3162 hominum
699 3100 1060 3162 memoriam
1089 3100 1310 3160 classis
1340 3105 1436 3161 est
1465 3101 1726 3160 devicta.
