2417 3534
923 318 1407 373 ALCIBIADES
1980 309 2065 373 39

193 519 225 570 3
261 492 384 553 Ille
427 501 684 552 cernens
730 491 976 551 millum
1020 491 1224 552 locum
1272 491 1393 552 sibi
1436 497 1645 553 tutum
1689 492 1758 552 in
1802 493 2065 554 Graecia

261 596 517 668 propter
565 589 914 666 potentiam
956 589 1548 650 Lacedemonierum
1591 589 1672 649 ad
1712 589 2066 650 Pharnaba-

263 706 401 745 zum
431 686 499 744 in
528 685 747 746 Asiam
789 685 1062 762 transiit,
1094 705 1280 762 quem
1324 686 1578 763 quidem
1623 686 1777 746 adef)
1820 696 1935 748 sua
1974 695 2065 746 ce-

261 783 360 862 pit
402 782 813 857 humanitate,
862 788 934 842 ut
975 801 1117 842 eum
1162 791 1347 842 neme
1393 781 1462 840 in
1506 782 1785 843 amicitia
1828 789 2065 843 antece-

263 881 452 940 deret.
535 880 826 956 Namque
871 889 932 939 ei
979 879 1289 958 Grynium
1339 880 1615 955 dederat,
1666 880 1736 940 in
1783 880 2065 959 Phrygia
2132 902 2158 956 5

262 984 552 1050 castrum,
584 995 661 1035 ex
691 985 814 1053 que
856 977 1297 1054 quinquagena
1336 976 1577 1036 talenta
1608 976 1937 1052 vectigalis
1971 995 2064 1037 ca-

190 1103 228 1151 4
262 1073 491 1150 piebat.
576 1073 712 1143 Qua
739 1074 998 1132 fertuna
1021 1073 1384 1134 Alcibiades
1413 1083 1540 1133 nen
1569 1079 1704 1134 erat
1731 1080 2061 1153 contentus

262 1189 461 1247 neque
483 1170 768 1230 Athenas
791 1175 990 1230 victas
1019 1169 1526 1230 Lacedaemoniis
1556 1180 1788 1230 servire
1816 1176 2065 1248 poterat

262 1273 412 1344 pati.
499 1267 722 1344 Itaque
753 1266 832 1326 ad
873 1265 1144 1345 patriam
1185 1266 1574 1326 liberandam
1616 1277 1788 1326 omni
1828 1268 2063 1328 fereba-

195 1389 224 1443 5
264 1369 367 1422 tur
412 1363 805 1439 cegitatiene.
893 1363 1017 1422 Sed
1065 1363 1321 1423 videbat
1373 1363 1442 1422 id
1498 1364 1632 1423 sine
1681 1374 1823 1440 rege
1872 1366 2061 1425 Perse
2103 1387 2161 1423 10

262 1469 388 1520 nen
416 1479 595 1536 posse
623 1459 779 1534 fieri,
811 1459 1074 1537 ideeque
1116 1478 1258 1518 eum
1301 1469 1569 1520 amicum
1608 1460 1728 1520 sibi
1771 1461 2062 1538 cupiebat

263 1557 522 1632 adiungi
550 1575 750 1634 neque
781 1556 1108 1617 dubitabat
1140 1556 1329 1615 facile
1372 1567 1439 1616 se
1480 1563 1974 1633 censecuturum,
2008 1569 2063 1619 si

262 1653 446 1713 mode
474 1652 607 1714 eius
637 1653 1053 1712 conveniundi
1079 1652 1404 1713 habuisset
1432 1659 1822 1730 potestatem.
1894 1656 2061 1714 Nam

262 1751 495 1828 Cyrum
537 1750 799 1809 fratrem
842 1759 901 1808 ei
942 1749 1177 1809 bellum
1220 1750 1381 1809 clam
1410 1760 1629 1828 parare
1659 1751 2063 1812 Lacedaemo-

259 1847 384 1907 niis
415 1846 856 1906 adiuvantibus
887 1845 1153 1920 sciebat3
1199 1846 1267 1906 id
1297 1856 1352 1906 si
1379 1846 1745 1924 aperuisset,
1772 1857 2059 1926 magnam
2102 1870 2157 1924 15

261 1953 329 2004 se
357 1941 658 2002 initurum
689 1941 954 2018 gratiam
983 1941 1253 2002 videbat.

197 2163 218 2198 1
340 2138 418 2197 X.
478 2137 618 2196 Hec
646 2155 786 2195 cum
816 2135 1141 2196 moliretur
1168 2141 1534 2216 peteretque
1564 2147 1602 2197 e,
1637 2139 2057 2217 Pharnabazo,

257 2240 332 2295 ut
361 2234 440 2293 ad
467 2243 674 2308 regem
703 2233 1076 2307 mitteretur,
1101 2233 1317 2293 eedem
1341 2240 1619 2312 tempore
1649 2236 1880 2297 Critias
1907 2244 2062 2298 cete-

257 2341 438 2408 rique
493 2337 749 2408 tyranni
806 2329 1292 2390 Atheniensium
1362 2338 1561 2392 certes
1627 2332 1913 2394 homines
1982 2335 2062 2394 ad

259 2427 656 2506 Lysandrum
688 2426 756 2485 in
784 2426 1003 2486 Asiam
1045 2433 1366 2501 miserant,
1399 2438 1511 2505 qui
1550 2447 1692 2488 eum
1734 2431 2059 2492 certierem
2098 2455 2162 2491 20

257 2525 560 2598 facerent,
611 2523 734 2582 nisi
779 2522 1174 2584 Alcibiadem
1226 2525 1605 2602 sustulisset,
1652 2527 1814 2586 nihil
1850 2538 2060 2588 earum

257 2631 465 2682 rerum
494 2622 630 2680 fore
660 2624 884 2694 ratum,
915 2630 1072 2698 quas
1112 2620 1249 2697 ipse
1277 2620 1550 2683 Athenis
1593 2624 2025 2686 censtituisset
2042 2649 2056 2703 3

257 2727 469 2796 quare,
501 2726 557 2777 si
585 2726 729 2777 suas
758 2727 857 2777 res
887 2723 1095 2792 gestes
1121 2728 1373 2777 manere
1403 2719 1612 2794 vellet,
1642 2721 1823 2780 illum
1862 2741 2063 2799 perse-

192 2838 223 2876 2
257 2820 568 2893 queretur.
655 2814 776 2872 His
820 2815 985 2874 Lace
1027 2814 1210 2874 rebus
1254 2822 1599 2877 commetus
1640 2818 1864 2878 statuit
1892 2830 2062 2879 accu-

255 2912 456 2972 ratius
500 2909 620 2971 sibi
662 2910 969 2985 agendum
1014 2929 1154 2969 cum
1195 2910 1616 2972 Pharnabaze.
1704 2915 1873 2975 Huic
1915 2926 2060 2992 erge
2098 2940 2157 2994 25

256 3007 582 3068 renuntiat
625 3025 782 3084 quae
825 3017 957 3082 regi
1003 3026 1144 3066 cum
1186 3007 1695 3070 Lacedaemoniis
1746 3012 2062 3073 convenis-

257 3110 419 3180 sent,
451 3103 575 3164 nisi
602 3103 992 3162 Alcibiadem
1021 3113 1237 3162 vivum
1282 3111 1391 3164 aut
1432 3111 1742 3165 mortuum
1786 3108 1906 3167 sibi
1942 3114 2061 3168 tree-
