2417 3534
350 274 437 339 44
759 303 761 306 ⁴
876 289 1255 342 CORNELII
1292 289 1633 342 NEPOTIS

349 458 520 533 belli,
567 459 752 519 fortis
807 469 1014 536 manu,
1065 460 1273 521 anime
1322 459 1613 533 maxime,
1664 459 1819 519 adef)
1867 459 2159 519 veritatis

285 578 315 614 2
350 555 638 631 dfligens,
667 560 741 615 ut
768 566 848 615 ne
876 557 1010 617 ioce
1038 557 1291 634 quidem
1320 562 1706 616 mentiretur.
1792 543 1971 614 idem
2018 574 2162 614 con-

350 652 577 728 tinenS,
608 653 878 713 clemens
909 653 1284 731 patiensque
1314 653 1751 712 admirandum
1784 653 1853 710 in
1880 653 2157 726 modum,

349 758 477 809 non
505 749 706 810 selum
735 750 971 827 populi,
1002 750 1114 810 sed
1143 749 1336 809 etiam
1377 759 1713 809 amicerum
1744 748 1955 808 ferens
1998 749 2161 807 iniu-

350 845 494 921 rias,
525 846 594 905 in
620 856 841 923 primis
876 856 1208 906 commissa
1248 845 1476 921 celans,
1507 846 1796 923 quodque
1838 845 2159 904 interdum

351 952 476 1002 nen
517 943 724 1003 minus
768 943 1026 1021 predest
1071 961 1258 1020 quam
1302 943 1536 1002 diserte
1582 943 1804 1018 dicere,
1836 941 2157 1002 studiosus

351 1039 677 1115 audiend13
723 1058 800 1098 ex
842 1039 958 1100 hec
1001 1039 1168 1100 enim
1196 1039 1500 1099 facillime
1531 1039 1689 1099 disci
1717 1038 2153 1099 arbitrabatur.

285 1163 315 1213 3
352 1137 576 1214 Itaque
617 1155 758 1196 cum
801 1136 870 1195 in
910 1136 1212 1196 circulum
1240 1136 1536 1210 venisset,
1567 1135 1633 1194 in
1677 1145 1801 1212 que
1834 1140 1945 1195 aut
1982 1136 2059 1194 de
2088 1145 2157 1194 re

352 1233 604 1310 publica
630 1231 1058 1311 disputaretur
1086 1238 1196 1292 aut
1224 1233 1302 1292 de
1330 1231 1731 1310 philosophia
1752 1241 1953 1292 sermo
1974 1232 2161 1292 habe-

352 1333 541 1403 retur,
597 1348 940 1406 numquam
994 1329 1143 1388 inde
1207 1329 1383 1406 prius
1452 1328 1760 1403 discessit,
1818 1347 2005 1406 quam
2076 1328 2157 1388 ad

283 1453 318 1498 4
352 1425 551 1484 finem
607 1435 810 1486 Serme
865 1431 1030 1486 esset
1085 1426 1407 1486 adductus.
1509 1425 1953 1503 Paupertatem
2002 1426 2158 1485 adee

352 1522 542 1580 facile
569 1540 902 1599 perpessus
947 1527 1062 1596 est,
1092 1526 1164 1582 ut
1205 1522 1285 1581 de
1326 1531 1395 1580 re
1438 1522 1691 1599 publica
1717 1521 1879 1581 nihil
1909 1527 2159 1598 praeter

354 1618 614 1694 gleriam
669 1619 922 1696 ceperit.
1005 1618 1369 1678 Amicorum
1424 1619 1494 1676 in
1550 1628 1616 1679 se
1672 1619 1905 1678 tuende
1954 1619 2159 1678 caruit

351 1714 781 1790 facultatibus,
831 1715 956 1775 fide
1010 1716 1092 1774 ad.
1139 1714 1297 1776 alies
1354 1716 1769 1776 sublevandas
1827 1733 2011 1792 saepe
2068 1725 2159 1775 sic

352 1821 502 1871 fisus
553 1817 666 1887 est,
716 1817 788 1872 ut
835 1811 1101 1872 iudicari·
1149 1812 1351 1889 possit
1400 1811 1610 1871 omnia
1652 1821 1711 1872 εἰ
1754 1830 1893 1870 cum
1938 1821 2157 1872 amicis

289 1933 315 1987 5
351 1908 550 1968 fuisse
599 1909 966 1967 communia.
1064 1909 1232 1968 Nam
1280 1927 1420 1967 cum
1470 1913 1579 1968 aut
1626 1908 1860 1967 civium
1904 1918 2159 1969 suerum

353 2005 582 2083 aliquis
628 2005 706 2064 ab
749 2005 1034 2066 hostibus
1081 2012 1247 2066 esset
1291 2011 1511 2082 captus
1557 2010 1665 2064 aut
1706 2004 1885 2081 virge
1921 2005 2157 2066 nubilis

352 2108 606 2180 propter
631 2107 1067 2180 paupertatem
1097 2102 1389 2162 collocari
1413 2111 1541 2162 non
1567 2108 1797 2179 posset,
1818 2112 2157 2162 amicerum

353 2198 685 2259 concilium
733 2199 1004 2259 habebat
1051 2204 1115 2259 et
1164 2204 1471 2276 quantum
1516 2198 1781 2276 quisque
1823 2199 2001 2258 daret
2045 2209 2159 2277 pre

286 2311 318 2359 6
352 2296 760 2356 facultatibus
815 2295 1180 2373 imperabat.
1306 2297 1586 2373 Eamque
1648 2314 1955 2356 summam
2016 2315 2159 2356 cum

351 2395 605 2467 fecerat,
678 2392 888 2470 potius
961 2411 1148 2470 quam
1218 2392 1354 2470 ipse
1424 2391 1734 2469 acciperet
1808 2393 2157 2469 pecuniam,

352 2489 702 2549 adducebat
749 2508 890 2549 eum
939 2499 1050 2567 qui
1097 2489 1451 2566 quaerebat,
1498 2489 1579 2547 ad
1633 2498 1735 2548 ees
1792 2498 1903 2566 qui
1956 2489 2161 2549 cenfe-

351 2587 588 2661 rebant,
633 2595 813 2663 eique
859 2591 930 2645 ut
973 2586 1099 2663 ipsi
1145 2591 1547 2645 numerarent
1593 2585 1885 2659 faciebat,
1929 2590 2001 2644 ut
2047 2584 2159 2644 ille

353 2685 433 2744 acl
469 2701 652 2761 quem
687 2701 762 2743 ea
793 2692 891 2743 res
927 2682 1329 2760 perveniebat
1365 2687 1553 2742 sciret
1590 2688 1895 2760 quantum
1932 2691 2159 2760 cuique

354 2781 621 2839 deberet.

433 3011 458 3070 ξ
481 3012 568 3058 IV.
613 3012 692 3057 An
721 3015 944 3069 attempt
971 3011 1014 3057 is
1042 3010 1191 3057 made
1223 3014 1277 3057 to
1307 3011 1450 3057 bribe
1478 3009 1860 3068 Epaminondas
1890 3013 1944 3054 to
1974 3009 2160 3068 betray

350 3087 432 3134 his
467 3087 574 3144 city
609 3091 662 3133 to
699 3085 891 3142 Persia,
928 3085 1022 3130 but
1056 3085 1121 3131 he
1155 3097 1338 3142 proves
1373 3084 1757 3142 incorruptible.
1830 3083 1903 3130 To
1944 3088 2159 3141 prevent

2237 869 2269 922 5

2201 1351 2270 1386 10

2200 1831 2261 1886 ¹5

2196 2315 2266 2352 20

2196 2798 2259 2851 25
