2417 3534
956 303 1392 357 HANNIBAL
1994 292 2080 355 59

209 486 245 537 6
278 494 436 554 quae
485 476 554 535 in
601 474 838 535 aeraria
881 481 1303 553 repeneretur.
1389 474 1632 535 Deinde
1678 476 1766 535 M.
1815 474 2079 537 Claudic‘)

279 575 348 632 L.
393 572 585 632 Faria
624 572 984 632 censulibus
1014 573 1216 631 Rama
1255 572 1451 648 legati
1491 572 1954 648 Karthaginem
1981 581 2081 630 ve-

278 674 522 729 nerunt.
608 670 747 729 Hes
775 668 1102 729 Hannibal
1129 673 1304 729 ratus
1335 678 1434 729 sui
1467 669 1845 746 exposcendi
1879 674 2081 746 gratia

278 775 520 840 missOS,
542 765 905 843 priusquam
929 764 1009 825 iis
1040 770 1294 825 senatus
1324 765 1592 840 daretur,
1623 774 1847 825 navem
1876 784 2083 826 ascen·

278 863 375 922 dit
418 863 581 922 clam
626 868 815 939 atque
860 862 927 920 in
972 862 1219 939 Syriam
1261 862 1341 921 ad
1366 862 1750 921 Antiochum
1779 862 2076 939 perfugit.

214 978 244 1031 7
279 961 421 1019 Hac
465 968 531 1018 re
575 958 784 1035 palam
824 958 997 1018 facta
1036 960 1236 1017 Poeni
1276 967 1469 1019 naves
1511 958 1687 1033 duas,
1737 977 1896 1035 quae
1939 977 2080 1019 eum

279 1055 891 1133 comprehenderent,
949 1063 1005 1115 si
1072 1060 1329 1132 possent
1383 1064 1697 1131 censequi,
1754 1062 2078 1130 miserunt,

278 1153 443 1212 bona
474 1151 608 1211 eius
637 1151 1055 1229 publicarunt,
1086 1151 1338 1210 domum
1367 1170 1404 1211 a
1432 1151 1860 1212 fundamentis
1903 1151 2082 1211 disie-

280 1253 518 1323 cerunt,
549 1248 757 1326 ipsum
784 1246 1030 1307 exulem
1060 1246 1435 1307 iudicarunt.

368 1548 392 1607 ξ
413 1549 551 1596 VIII.
593 1548 854 1595 Hannibal
885 1548 1011 1596 tries
1040 1548 1449 1607 unsuccessfully
1469 1551 1525 1595 to
1545 1548 1728 1597 induce
1749 1548 2007 1609 Carthago
2027 1554 2082 1597 to

280 1636 452 1671 renew
489 1625 577 1669 the
615 1636 725 1670 war
762 1624 891 1669 with
928 1623 1103 1669 Rome.
1164 1622 1245 1668 He
1286 1626 1491 1669 returns
1525 1626 1580 1669 to
1615 1623 1913 1670 Antiochus.
1976 1624 2082 1671 The

279 1698 453 1757 king's
474 1696 595 1745 flect
628 1698 673 1744 is
709 1699 893 1744 beaten
926 1697 981 1741 in
1016 1710 1047 1743 a
1077 1697 1244 1743 battle
1263 1697 1393 1743 with
1421 1697 1508 1743 the
1538 1696 1814 1754 Rhodiam,
1836 1698 1964 1744 with
1994 1698 2082 1745 the

280 1773 547 1831 exception
577 1772 633 1818 of
662 1773 749 1819 the
776 1772 916 1831 wing
944 1771 1281 1818 commanded
1311 1772 1381 1831 by
1410 1770 1686 1817 Hannibal.

364 1888 389 1945 §
412 1888 499 1934 IX.
541 1887 619 1935 He
648 1888 796 1934 seeks
826 1887 999 1945 safety
1028 1887 1080 1932 in
1112 1886 1280 1945 Crete,
1312 1887 1413 1934 and
1445 1899 1562 1933 uses
1593 1888 1858 1946 deception
1889 1892 1944 1935 to
1972 1901 2084 1947 pre-

279 1966 407 2009 vent
426 1963 505 2010 his
525 1976 709 2021 money
729 1963 881 2021 being
901 1962 1084 2009 stolen.

2151 884 2178 938 5

219 2140 240 2175 1
361 2116 547 2176 VIII.
604 2114 694 2176 At
720 2114 1043 2175 Hannibal
1074 2124 1238 2175 anne
1267 2119 1491 2191 quarte
1529 2120 1861 2193 postquam
1899 2116 2082 2177 dome
2124 2142 2182 2178 10

282 2213 663 2290 preffigerat,
694 2214 763 2271 L.
797 2211 1086 2273 Cornelis)
1122 2211 1192 2281 Q.
1225 2211 1506 2271 Minucia
1534 2212 1912 2288 censulibus,
1942 2231 2084 2272 cum

281 2318 558 2387 quinque
595 2308 859 2369 navibus
888 2296 1172 2367 Kfricam
1215 2307 1475 2369 accessit
1515 2308 1585 2367 in
1625 2309 1864 2369 finibus
1900 2310 2086 2387 Cyre-

282 2415 595 2481 naeerum,
627 2414 683 2465 si
723 2405 887 2464 forte
929 2404 1499 2479 Karthaginienses
1529 2406 1609 2465 ad
1648 2405 1883 2465 bellum
1910 2406 2086 2466 indu-

282 2521 418 2563 cere
445 2507 657 2580 posset
686 2501 988 2561 Antiochi
1016 2511 1127 2580 spe
1155 2501 1526 2578 fiduciaque,
1557 2502 1656 2560 cui
1685 2501 1810 2561 iam
1839 2512 2087 2579 persua-

284 2605 451 2660 serat
477 2604 549 2658 ut
578 2617 718 2658 cum
747 2598 1121 2659 exercitibus
1159 2598 1228 2657 in
1267 2586 1525 2658 Italiam
1566 2597 2080 2675 proficisceretur.
2126 2625 2182 2677 15

216 2718 247 2755 2
283 2697 428 2755 Huc
457 2696 789 2773 Magenem
816 2694 1079 2755 fratrem
1108 2695 1358 2754 excivit.
1444 2693 1523 2754 Id
1542 2694 1651 2753 ubi
1679 2695 1878 2753 Poeni
1904 2706 2086 2757 resci-

282 2798 525 2867 verunt,
583 2793 911 2868 Magenem
972 2792 1207 2865 eadem,
1259 2800 1384 2869 qua
1437 2790 1718 2866 fratrem,
1765 2791 2084 2853 absentem

283 2889 626 2949 affecerunt
653 2897 868 2966 poena.
953 2888 1065 2946 Illi
1094 2888 1444 2964 desperatis
1474 2887 1656 2947 rebus
1685 2906 1824 2946 cum
1871 2889 2085 2949 solvis—

284 2990 426 3045 sent
468 2994 661 3045 naves
708 3004 778 3045 ac
825 2985 969 3044 vela
1010 2989 1218 3044 ventis
1265 2983 1601 3057 dedissent,
1633 2984 1957 3045 Hannibal
2004 2987 2084 3046 ad

283 3081 667 3141 Antiochum
696 3081 1000 3159 pervenit.
1086 3082 1181 3139 De
1212 3079 1502 3157 Magenis
1544 3080 1809 3140 interitu
1852 3082 2084 3160 duplex
2122 3108 2186 3143 20
