2417 3534
385 328 468 392 28
911 344 1290 396 CORNELII
1327 345 1669 397 NEPorls

319 537 349 586 3
384 517 833 590 corrupturum.
913 515 1053 574 Hac
1083 525 1194 592 spe
1222 534 1363 574 cum
1392 515 1710 593 profectus
1740 519 1906 574 esset
1933 513 2001 573 in
2022 499 2198 574 lifri-

383 627 537 684 cam,
569 610 837 669 multum
860 628 1001 671 eum
1025 611 1343 672 antistites
1369 609 1539 672 Iovis
1563 610 1950 671 fefellerunt.
2021 611 2195 671 Nam

383 715 511 766 nen
539 706 738 766 selum
768 717 1080 785 corrumpi
1107 717 1234 768 nen
1261 713 1616 786 potuerunt,
1650 708 1759 768 sed
1798 707 1988 768 etiam
2030 707 2197 784 legas-

383 809 481 863 tes
513 803 1036 863 Lacedaemonem
1074 811 1398 883 miserunt,
1429 813 1540 882 qui
1583 804 1977 883 Lysandrum
2021 813 2197 864 accil-

385 906 611 974 sarent,
663 901 830 977 quod
885 901 1235 962 sacerdetes
1290 901 1429 960 fani
1480 919 1874 978 corrumpere
1929 906 2194 961 cenatus

384 1003 563 1056 esset.
636 997 982 1058 Accusatus
1011 996 1127 1058 hec
1149 997 1410 1056 crimine
1438 997 1839 1074 iudicumque
1868 996 2193 1058 absolfitus

385 1093 732 1168 sententiis,
764 1094 1192 1155 Orchomeniis
1225 1101 1453 1154 missus
1490 1093 1769 1154 subsidie
1811 1102 2049 1154 occisus
2093 1099 2195 1154 est

383 1197 421 1248 a
449 1189 764 1251 Thebanis
820 1191 989 1268 apud
1036 1190 1416 1250 Haliartum.
1530 1189 1728 1259 Quam
1782 1199 1929 1249 vere
1985 1190 2062 1249 de
2117 1199 2194 1250 ee

384 1304 560 1346 secus
590 1286 754 1345 foret
781 1287 1143 1363 iudicatum,
1174 1287 1374 1347 eratis)
1403 1287 1637 1347 indicis)
1670 1285 1815 1362 fuit,
1846 1304 2005 1364 quae
2046 1292 2196 1363 post

383 1389 645 1442 mortem
693 1383 760 1441 in
805 1383 987 1443 dome
1037 1383 1170 1443 eius
1220 1389 1468 1461 reperta
1515 1388 1627 1457 est,
1678 1383 1747 1442 in
1795 1391 1921 1460 qua
1969 1383 2196 1443 suadet

383 1479 907 1554 Lacedaemoniis,
973 1485 1046 1539 ut
1112 1479 1284 1555 regia
1358 1486 1666 1558 potestate
1737 1479 2047 1540 dissoluta
2112 1499 2195 1540 ex

384 1575 668 1636 omnibus
718 1576 846 1635 dux
895 1575 1207 1651 deligatur
1256 1576 1337 1635 ad
1384 1575 1619 1635 bellum
1669 1575 2028 1651 gerendum,
2080 1575 2195 1636 sed

383 1681 472 1732 sic
528 1679 776 1750 scripta,
828 1678 898 1732 ut
952 1672 1136 1730 deum
1185 1671 1507 1732 videretur
1554 1690 1893 1748 congruere
1949 1677 2197 1732 senten-

382 1768 525 1842 tiae,
573 1787 759 1846 quam
809 1768 918 1827 ille
969 1777 1034 1828 se
1081 1768 1445 1828 habiturum
1492 1769 1759 1846 pecunia
1805 1768 2016 1830 fidens
2062 1777 2193 1828 nen

382 1865 714 1924 dubitarat.
801 1865 984 1925 Hanc
1023 1874 1082 1925 ei
1119 1864 1443 1943 scripsisse
1477 1865 1671 1927 Cleen
1710 1865 2191 1926 Halicarnasius

381 1960 628 2021 dicitur.

461 2155 573 2216 IV.
634 2154 844 2233 Atque
884 2156 1001 2216 hec
1043 2155 1177 2217 loce
1220 2165 1345 2217 non
1387 2161 1483 2217 est
1515 2156 2036 2235 praetereundum
2065 2156 2192 2216 fac-

381 2259 517 2313 tum
544 2252 951 2328 Pharnabazi,
991 2252 1261 2331 satrapis
1304 2253 1475 2330 regii.
1560 2253 1727 2313 Nam
1768 2271 1911 2312 cum
1953 2253 2193 2331 Lysan-

381 2351 490 2409 der
518 2349 872 2427 praefectus
902 2349 1120 2411 classis
1149 2349 1218 2408 in
1246 2348 1411 2410 belle
1440 2349 1641 2409 multa
1668 2349 2009 2410 crudeliter
2050 2359 2194 2410 ava-

379 2456 569 2523 reque
598 2444 854 2506 fecisset
882 2445 1081 2525 deque
1109 2445 1188 2507 iis
1217 2446 1403 2506 rebus
1438 2445 1860 2524 suspicaretur
1896 2446 1976 2506 ad
2018 2455 2192 2508 cives

381 2553 524 2604 sues
557 2561 690 2604 esse
719 2543 1047 2620 perlatum,
1077 2543 1265 2620 petiit
1293 2561 1331 2604 a
1356 2542 1759 2604 Pharnabazo
1788 2547 1861 2602 ut
1888 2542 1970 2603 ad
2007 2541 2193 2620 epho-

380 2649 480 2701 res
511 2640 631 2701 sibi
659 2640 1088 2700 testimenium
1117 2640 1309 2714 daret,
1330 2645 1567 2717 quanta
1594 2639 1929 2700 sanctitate
1951 2638 2193 2699 bellum

381 2736 677 2813 gessisset
707 2736 1026 2813 sociesque
1055 2741 1407 2812 tractasset,
1438 2735 1637 2814 deque
1680 2745 1753 2795 ea
1794 2744 1860 2796 re
1902 2742 2193 2797 accurate

380 2835 707 2895 scriberet:
754 2841 1042 2909 magnam
1072 2832 1239 2892 enim
1269 2831 1402 2892 eius
1433 2831 1868 2892 austeritatem
1898 2831 1966 2892 in
2004 2841 2079 2892 ea
2120 2841 2193 2893 re

317 2957 346 2992 2
379 2931 674 2991 futuram.
759 2930 929 2990 Huic
975 2929 1084 2989 ille
1129 2928 1475 2989 liberaliter
1523 2928 1893 3007 pollicetur:
1956 2927 2191 2989 librum

381 3028 678 3104 grandem
706 3026 913 3088 verbis
956 3025 1172 3086 multis
1216 3025 1605 3103 censeripsit,
1650 3025 1717 3085 in
1758 3025 1985 3104 quibus
2029 3045 2193 3086 sum-

380 3133 499 3185 mis
549 3143 692 3184 eum
739 3123 922 3184 effert
968 3122 1276 3183 laudibus,
1362 3121 1558 3192 Quem
1601 3140 1743 3182 cum
1786 3121 1891 3183 hic
1928 3121 2192 3198 legisset

2239 1405 2301 1442 10

2236 1888 2298 1942 15

2231 2469 2303 2507 20

2229 2953 2296 3008 25
