2417 3534
937 376 1082 428 ΜΗ,
1090 373 1374 427 TIADEs
2016 362 2056 426 9

250 548 452 610 fretus
473 556 731 609 numere
760 547 1078 626 copiarum
1109 555 1362 608 suarum
1391 544 1719 624 confligere
1748 545 2057 624 cupiebat,

250 655 446 724 eoque
491 645 710 721 magis,
755 645 940 723 quod,
987 643 1352 723 priusquam
1397 643 1875 703 Lacedaemonii
1924 643 2060 704 sub-

251 742 414 802 sidio
445 735 750 817 venirent,
781 741 1077 801 dimicare
1114 740 1272 800 utile
1310 739 1746 800 arbitrabatur.
1833 740 2058 818 Itaque

251 839 318 898 in
366 838 561 899 aciem
616 838 900 917 peditum
955 842 1224 912 centum,
1276 836 1561 915 equitum
1615 837 1827 896 decem
1882 836 2061 897 milia

183 955 212 1010 5
250 934 548 1014 produxit
608 934 1038 1012 proeliumque
1101 933 1431 994 commisit.
1542 933 1623 992 In
1690 942 1814 1011 quo
1881 938 2060 994 tante

251 1031 393 1110 plus
441 1031 678 1091 virtute
728 1030 1060 1090 valuerunt
1114 1029 1555 1105 AthenienseS,
1606 1035 1675 1089 ut
1733 1029 2061 1107 decempli-

253 1145 386 1187 cem
439 1146 767 1187 numerum
820 1127 1098 1187 hostium
1153 1125 1567 1206 profligarint,
1623 1126 1899 1204 adeeque
1955 1135 2060 1186 eos

252 1229 738 1302 perterruerunt,
795 1229 866 1284 ut
927 1225 1157 1290 Persae
1219 1232 1347 1283 nen
1408 1228 1627 1296 eastra,
1692 1223 1801 1282 sed
1868 1231 2059 1282 naves

251 1320 566 1398 petierint.
672 1320 808 1390 Qua
853 1329 1066 1398 pugna
1111 1319 1274 1379 nihil
1330 1320 1534 1380 adhue
1590 1318 1839 1379 exstitit
1892 1318 2063 1379 nobi-

2129 954 2157 1010 5

251 1415 408 1477 lius:
458 1417 636 1476 nulla
676 1416 844 1477 enim
883 1435 1180 1496 umquam
1223 1422 1355 1476 tam
1397 1415 1622 1492 exigua
1662 1433 1883 1477 manus
1927 1422 2060 1476 tan-
2101 1437 2161 1476 10

251 1518 350 1573 tas
393 1522 539 1592 opes
581 1512 939 1590 prostravit.

188 1732 211 1770 1
330 1706 442 1767 VI.
503 1705 695 1768 Cuius
736 1705 1036 1767 victoriae
1085 1714 1212 1767 nen
1262 1705 1535 1766 alienum
1581 1705 1831 1766 videtur
1877 1706 2060 1785 qualo

250 1802 598 1882 praemium
628 1802 911 1862 Miltiadi
939 1803 1024 1865 sit
1051 1802 1359 1863 tributum
1389 1803 1624 1877 dooere,
1656 1812 1779 1881 quo
1808 1803 2060 1866 facilius

250 1898 538 1976 intellegi
558 1899 760 1978 possit
781 1900 1040 1960 eandem
1063 1899 1341 1959 omnium
1364 1899 1691 1959 civitatum
1723 1916 1857 1960 esse
1886 1906 2064 1960 natu-

183 2019 215 2056 2
251 2013 401 2055 ram.
505 1997 600 2058 Ut
643 1995 812 2056 enim
855 1995 1074 2074 populi
1117 1996 1391 2056 Romani
1434 1996 1701 2056 honores
1748 1997 2060 2075 quondam
2102 2018 2158 2074 15

248 2091 509 2152 fuerunt
549 2101 677 2153 rari
712 2099 777 2152 et
812 2098 1032 2152 tenues
1072 2093 1150 2152 ob
1188 2110 1450 2170 eamque
1492 2111 1739 2153 eausam
1784 2092 2058 2173 gloriosi,

247 2208 416 2250 nune
466 2194 671 2250 autem
724 2189 911 2250 effusi
964 2195 1151 2268 atque
1207 2188 1489 2264 obsoleti,
1543 2197 1630 2250 sie
1688 2189 1837 2250 olim
1894 2191 2060 2268 apud

179 2308 212 2361 3
247 2286 673 2348 Athenienses
711 2286 910 2347 fuisse
948 2294 1310 2364 reperimus.
1397 2287 1687 2365 Namque
1728 2286 1875 2347 huie
1918 2287 2061 2346 Mil-

246 2382 426 2458 tiadi,
477 2392 586 2462 qui
638 2381 924 2443 Athenas
980 2387 1302 2461 totamque
1360 2383 1686 2444 Graeciam
1744 2383 2057 2460 liberarat,

246 2480 398 2541 talis
446 2479 642 2541 honos
691 2479 966 2540 tributus
1015 2485 1128 2552 est,
1179 2479 1248 2538 in
1302 2479 1548 2558 porticu
1604 2499 1762 2558 quae
1809 2481 2059 2542 Poecile
2096 2503 2160 2540 20

244 2582 506 2638 vocatur
561 2595 702 2638 oum
756 2586 968 2654 pugna
1022 2576 1464 2654 depingeretur
1520 2577 1937 2652 Marathonia,
1987 2585 2059 2639 ut

247 2673 318 2734 in
379 2674 590 2734 decem
651 2679 1006 2752 praetorum
1068 2682 1327 2733 numero
1390 2681 1594 2750 prima
1657 2673 1789 2735 eius
1852 2673 2058 2751 image

246 2776 582 2850 poneretur
649 2770 827 2849 isque
893 2770 1253 2830 hortaretur
1320 2770 1554 2830 milites
1629 2770 2057 2849 proeliumque

177 2892 213 2940 4
247 2867 682 2928 committeret.
781 2855 959 2927 idem
1002 2865 1112 2926 ille
1152 2865 1443 2944 populus,
1486 2873 1893 2945 posteaquam
1936 2877 2058 2929 mae

246 2963 346 3025 ius
374 2963 706 3042 imperium
735 2969 832 3025 est
859 2970 1080 3024 nactus
1113 2968 1176 3023 et
1208 2962 1541 3040 largitione
1574 2963 2055 3040 magistratuum
2092 2989 2152 3043 25

243 3066 577 3140 corruptus
612 3066 725 3138 est,
760 3066 1072 3122 trecentas
1113 3065 1354 3122 statuas
1389 3060 1710 3122 Demetrio
1747 3061 2055 3124 Phalereo

247 3157 540 3220 decrevit.
