2417 3534
320 249 403 312 20
848 262 1224 315 CORNELII
1260 261 1601 314 ΝΕΡΟΤΙΒ

397 433 581 492 VIII.
641 434 879 492 Tamen
924 443 1052 493 nen
1095 432 1320 508 effligit
1374 432 1607 494 civium
1663 439 1914 492 suerum
1968 429 2132 489 invi-

319 529 503 588 diam.
575 530 865 606 Namque
894 531 972 589 ob
1001 530 1267 588 eundem
1304 529 1610 604 timerem,
1640 538 1764 606 que
1793 529 2127 588 damnatus

320 632 455 684 erat
482 625 823 700 Miltiades,
856 626 1231 687 testularum
1260 625 1576 701 suffragiis
1615 635 1648 686 e
1690 624 1943 684 civitate
1974 623 2131 682 eiec-

255 747 285 782 2
320 727 423 781 tus
470 722 672 798 Arges
718 723 1072 782 habitatum
1116 722 1438 782 concessit.
1524 722 1650 780 Hic
1687 739 1829 780 cum
1870 725 2128 798 propter

320 817 551 878 multas
581 819 848 878 virtutes
877 828 1105 894 magna
1133 837 1277 878 cum
1313 818 1624 894 dignitate
1651 822 1910 892 viveret,
1941 817 2129 876 Lace-

321 915 633 974 daemonii
661 915 899 990 legates
927 914 1213 975 Athenas
1242 920 1566 990 miserunt,
1598 923 1706 991 qui
1739 933 1880 974 eum
1915 913 2130 972 absen-

322 1016 449 1070 tem
480 1017 859 1086 accusarent,
892 1012 1059 1088 quod
1087 1011 1451 1072 societatem
1481 1029 1618 1070 cum
1649 1020 1792 1086 rege
1824 1010 2013 1069 Perse
2043 1009 2129 1068 ad

258 1136 287 1186 3
324 1107 648 1168 Graeciam
679 1108 1149 1185 opprimendam
1188 1109 1458 1168 fecisset.
1545 1108 1687 1166 Hec
1727 1105 1985 1166 crimine
2027 1105 2130 1164 ab-

324 1213 466 1263 sens
510 1204 842 1264 damnatus
888 1210 998 1264 est.
1086 1205 1167 1263 Id
1206 1210 1280 1263 ut
1321 1203 1582 1279 audivit,
1614 1203 1784 1280 quod
1817 1211 1944 1262 nen
1972 1201 2128 1262 satis

322 1304 532 1358 tutum
562 1309 626 1359 se
654 1299 843 1374 Argis
872 1300 1143 1376 videbat,
1180 1301 1514 1378 Corcyram
1549 1298 1939 1374 demigravit.
2025 1297 2129 1357 Ibi

323 1413 464 1453 cum
507 1395 641 1456 eius
684 1393 999 1472 principes
1038 1396 1282 1456 insulae
1311 1395 1860 1456 animadvertisset
1886 1394 2126 1468 timere,

322 1501 401 1550 ne
446 1497 701 1569 propter
738 1501 803 1551 se
845 1492 1081 1551 bellum
1123 1492 1203 1552 iis
1247 1491 1724 1552 Lacedaemonii
1765 1497 1828 1551 et
1870 1490 2134 1550 Atheni-

324 1597 503 1648 enses
552 1587 917 1662 indicerent,
968 1589 1049 1648 ad
1095 1587 1456 1663 Admetum,
1508 1588 1853 1648 Molossum
1900 1597 2128 1662 regem,

260 1713 292 1761 4
325 1702 465 1743 cum
493 1694 617 1761 que
645 1694 704 1742 ei
730 1684 1074 1761 hospitium
1102 1695 1230 1744 nen
1251 1691 1403 1760 erat,
1427 1684 1728 1760 cenfiigit.
1813 1684 1960 1742 Huc
1988 1702 2131 1744 cum

260 2292 284 2343 5

324 1780 601 1839 venisset
646 1786 708 1840 et
752 1781 819 1838 in
867 1781 1224 1858 praesentia
1264 1791 1376 1840 rex
1419 1782 1679 1854 abesset,
1727 1789 1849 1858 que
1896 1779 2130 1842 maiore

324 1876 623 1950 religione
654 1886 719 1936 se
748 1883 1066 1954 receptum
1082 1883 1381 1952 tueretur,
1400 1877 1612 1936 filium
1635 1877 1768 1938 eius
1796 1877 2130 1954 parvulum

325 1972 592 2049 arripuit
622 1978 684 2031 et
714 1991 853 2031 cum
881 1983 955 2032 ee
985 1983 1051 2034 se
1079 1974 1146 2033 in
1174 1973 1534 2048 sacrarium,
1566 1973 1734 2050 quod
1767 1982 2012 2033 summa
2038 1991 2132 2032 co-

323 2068 570 2129 lebatur
598 2069 991 2145 caerimenia,
1022 2070 1302 2129 coniecit.
1388 2071 1548 2128 Inde
1577 2079 1702 2128 nen
1729 2070 1903 2146 prius
1935 2079 2132 2145 egres-

326 2186 429 2226 sus
460 2171 573 2240 est,
605 2185 789 2243 quam
822 2177 931 2226 rex
960 2185 1100 2225 eum
1128 2167 1278 2226 data
1311 2167 1534 2226 dextra
1567 2166 1635 2225 in
1675 2165 1862 2225 fidem
1905 2167 2132 2244 recipe-

324 2269 438 2336 ret,
470 2282 656 2340 quam
701 2263 1038 2340 praestitit.
1121 2263 1288 2322 Nam
1331 2281 1472 2322 cum
1516 2263 1595 2322 ab
1637 2263 2129 2337 Atheniensibus

326 2364 389 2418 et
436 2360 943 2420 Lacedaemoniis
991 2365 1428 2437 exposceretur
1472 2359 1739 2436 publice,
1785 2360 2130 2437 supplicem

324 2464 451 2514 nen
478 2455 757 2532 predidit
787 2456 1150 2533 monuitque
1178 2462 1252 2516 ut
1293 2457 1646 2516 censuleret
1676 2456 1830 2516 sibi:
1877 2456 2130 2516 difficile

326 2552 493 2610 enim
521 2569 655 2611 esse
698 2551 765 2610 in
806 2557 937 2612 tam
979 2563 1330 2630 propinque
1358 2553 1495 2614 loce
1523 2558 1663 2612 tute
1705 2571 1846 2620 eum
1871 2563 2125 2613 versari.

325 2648 549 2723 Itaque
598 2648 889 2724 Pydnam
939 2656 1078 2708 eum
1128 2650 1356 2709 deduci
1403 2650 1591 2711 iussit
1639 2655 1703 2709 et
1752 2650 1920 2727 quod
1975 2649 2129 2709 satis

259 2754 289 2802 6
326 2748 489 2803 esset
519 2744 817 2820 praesidii
847 2745 1034 2803 dedit.
1120 2746 1249 2804 Hic
1278 2745 1346 2804 in
1373 2756 1596 2806 navem
1635 2747 1920 2806 omnibus
1964 2755 2131 2822 igne-

323 2844 427 2899 tus
456 2845 666 2899 nautis
698 2841 989 2900 escendit.
1080 2841 1250 2911 Quae
1279 2860 1420 2900 cum
1450 2848 1822 2919 tempestate
1857 2842 2131 2902 maxima

320 2935 575 2996 Naxum
607 2937 892 3011 ferretur,
922 2937 1030 2996 ubi
1059 2943 1196 2996 tum
1231 2937 1707 2997 Atheniensium
1740 2944 1875 2997 erat
1905 2939 2130 2997 exerci-

324 3037 447 3107 tus,
480 3033 677 3092 sensit
704 3033 1175 3110 Themistocles,
1206 3044 1262 3094 si
1291 3044 1362 3094 ee
1395 3033 1803 3112 pervenisset,
1835 3033 1955 3094 sibi
1993 3053 2129 3096 esse

2176 1320 2248 1357 10

2175 1802 2238 1858 15

2166 2767 2230 2822 25
