2417 3534
942 295 1371 348 HANNIBAL
1975 282 2059 348 53

188 497 218 547 3
337 469 464 529 Hic
494 474 702 529 autem
723 469 898 528 velut
926 468 1273 528 hereditate
1302 468 1591 528 relictum
1620 467 1833 527 odium
1862 473 2061 544 pater-

254 586 407 625 num
437 575 582 642 erga
611 567 926 626 Romanos
949 575 1039 625 sic
1061 565 1476 640 conservavit,
1496 570 1570 624 ut
1590 565 1765 642 prius
1788 564 2061 624 animam

257 681 448 740 quam
475 661 541 721 id
570 662 944 738 deposuerit,
975 671 1088 739 qui
1129 661 1401 738 quidem,
1433 680 1575 721 cum
1609 661 1815 738 patria
1841 661 2060 738 pulsus

257 765 424 818 esset
451 764 516 817 et
543 758 888 818 alienarum
918 777 1106 836 opum
1133 759 1464 833 indigeret,
1495 777 1837 836 numquam
1878 757 2061 818 desti-

257 855 408 915 terit
435 855 645 915 animo
671 855 904 915 bellare
931 873 1074 915 cum
1102 856 1424 916 Romanis.

196 1073 217 1108 1
340 1049 428 1107 II.
487 1049 653 1107 Nam
702 1054 774 1107 ut
821 1049 1109 1108 omittam
1157 1048 1546 1125 Philippum,
1598 1067 1781 1127 quem
1838 1049 2061 1108 absens

258 1145 503 1204 hostem
546 1144 822 1204 reddidit
864 1145 1185 1220 RomaniS,
1230 1145 1508 1205 omnium
1553 1146 1633 1204 iis
1678 1145 2061 1222 temporibus

259 1241 732 1319 potentissimus
794 1251 905 1299 rex
963 1240 1315 1303 Antiochus
1378 1242 1520 1300 fuit.
1634 1243 1823 1301 Hunc
1884 1247 2063 1301 tanta

259 1339 605 1416 cupiditate
633 1337 915 1397 incendit
949 1338 1245 1412 bellandi,
1274 1344 1347 1398 ut
1380 1357 1577 1416 usque
1613 1348 1651 1398 a
1684 1340 1869 1399 rubro
1904 1347 2063 1397 mari

109 1425 118 1431 ⁸
195 1458 226 1494 2
261 1454 434 1495 arma
475 1440 734 1494 conatus
780 1435 864 1494 sit
909 1435 1142 1494 inferre
1187 1424 1430 1495 ltaliae.
1536 1435 1639 1493 Ad
1688 1455 1872 1512 quem
1922 1454 2062 1494 cum

259 1533 454 1606 legati
485 1531 808 1591 venissent
845 1533 1132 1607 Romani,
1169 1541 1281 1609 qui
1318 1533 1395 1591 de
1434 1532 1567 1592 eius
1604 1532 1922 1591 voluntate
1966 1550 2063 1591 ex-

260 1628 578 1706 plorarent
601 1629 944 1704 darentque
967 1647 1215 1705 operam
1248 1629 1527 1688 consiliis
1557 1628 1961 1688 clandestinis
1991 1634 2063 1686 ut

259 1724 684 1784 Hannibalem
727 1725 794 1782 in
837 1725 1254 1801 suspicionem
1296 1735 1430 1800 regi
1472 1725 1868 1799 adducerent,
1915 1731 2063 1784 tam-

259 1841 448 1899 quam
487 1822 564 1881 ab
603 1821 759 1898 ipsis
799 1827 1125 1898 corruptus
1165 1822 1291 1882 alia
1328 1827 1517 1899 atque
1556 1827 1741 1881 antea
1782 1827 2060 1896 sentiret,

258 1937 460 1997 neque
490 1918 557 1976 id
583 1918 823 1978 frustra
848 1917 1148 1978 fecissent
1174 1919 1364 1995 idque
1388 1919 1708 1977 Hannibal
1739 1919 2065 1995 comperis-

261 2022 359 2076 set
381 2025 569 2092 seque
599 2015 676 2074 ab
708 2014 1108 2074 interioribus
1137 2015 1417 2075 consiliis
1449 2024 1759 2090 segregari
1782 2015 2061 2089 vidisset,

195 2140 226 2190 3
259 2118 538 2190 tempore
577 2113 725 2171 dato
763 2111 924 2170 adiit
961 2113 1042 2171 ad
1077 2121 1305 2188 regem,
1342 2121 1523 2188 eique
1562 2131 1703 2170 cum
1746 2112 1945 2171 multa
1986 2112 2063 2171 de

259 2209 394 2268 fide
437 2218 549 2268 sua
589 2215 652 2268 et
693 2209 835 2268 odio
878 2209 946 2266 in
988 2210 1302 2268 Romanos
1348 2215 1905 2282 commemorasset,
1948 2209 2065 2267 hoc

259 2305 582 2365 adiunxit:
631 2311 646 2340 ‘
665 2307 854 2365 Pater
890 2306 1103 2378 meuS,'
1142 2305 1367 2382 inquit,
1407 2313 1421 2340 ⁶
1440 2306 1767 2364 Hamilcar
1805 2306 2065 2382 puerulo

261 2412 379 2476 me,
405 2407 620 2479 utpote
643 2411 768 2460 non
789 2401 1060 2478 amplius
1083 2420 1305 2460 novem
1329 2411 1524 2461 annos
1553 2408 1718 2474 nate,
1743 2402 1807 2460 in
1838 2402 2067 2478 Hispa-

261 2499 431 2558 niam
456 2499 793 2575 imperator
815 2497 1214 2575 proficiscens
1238 2497 1633 2572 Karthagine
1664 2499 1803 2556 Iovi
1831 2499 2067 2574 optimo

191 2625 226 2671 4
260 2595 537 2654 maximo
575 2594 814 2654 hostias
853 2594 1220 2653 immolavit.
1308 2595 1477 2664 Quae
1518 2595 1735 2653 divina
1774 2605 1873 2654 res
1918 2595 2065 2652 dum

261 2691 722 2765 conficiebatur,
747 2690 1059 2767 quaesivit
1087 2699 1126 2748 a
1152 2700 1251 2748 me
1274 2690 1581 2749 vellemne
1612 2701 1819 2750 secum
1848 2693 1916 2748 in
1944 2709 2067 2750 cas-

262 2793 366 2848 tra
391 2787 716 2865 proficisci.
800 2787 880 2846 Id
908 2805 1047 2846 cum
1077 2786 1346 2846 libenter
1369 2787 1745 2864 accepissem
1774 2793 1961 2865 atque
1990 2788 2069 2847 ab

263 2894 336 2944 eo
379 2891 590 2961 petere
633 2883 975 2961 coepissem
1016 2893 1096 2942 ne
1138 2883 1455 2942 dubitaret
1496 2883 1737 2959 ducere,
1781 2890 1916 2943 tum
1959 2883 2068 2943 ille

266 2986 301 3016 “
320 2981 632 3055 Faciam,''
669 2980 895 3057 inquit,
929 2986 1036 3039 “si
1063 2979 1224 3038 mihi
1250 2979 1441 3039 fidem
1476 2999 1661 3056 quam
1694 2981 1941 3057 postulo
1970 2981 2069 3038 de-

264 3077 492 3137 deriS.''
565 3076 763 3136 Simul
783 3085 882 3134 me
899 3076 980 3135 ad
997 3085 1170 3135 aram
1192 3076 1474 3151 adduxit,
1494 3077 1663 3154 apud
1680 3095 1865 3153 quam
1890 3076 2069 3152 sacri-

2101 1457 2162 1492 10

2105 1941 2158 1994 15

2104 2424 2168 2460 20

2107 2907 2165 2960 25
