<?xml version="1.0" encoding="UTF-8"?>
<!DOCTYPE html PUBLIC "-//W3C//DTD XHTML 1.0 Transitional//EN"
    "http://www.w3.org/TR/xhtml1/DTD/xhtml1-transitional.dtd">
<html xmlns="http://www.w3.org/1999/xhtml" xml:lang="en" lang="en">
 <head>
  <title>
</title>
<meta http-equiv="Content-Type" content="text/html;charset=utf-8" />
  <meta name='ocr-system' content='tesseract 3.04.00' />
  <meta name='ocr-capabilities' content='ocr_page ocr_carea ocr_par ocr_line ocrx_word'/>
</head>
<body>
  <div class='ocr_page' id='page_1' title='image "./selectedlives00barsgoog_0049.png"; bbox 0 0 2417 3534; ppageno 0'>
   <div class='ocr_carea' id='block_1_1' title="bbox 938 296 2048 360">
    <p class='ocr_par' dir='ltr' id='par_1_1' title="bbox 938 296 2048 360">
     <span class='ocr_line' id='line_1_1' title="bbox 938 296 2048 360; baseline 0.001 -1"><span class='ocrx_word' id='word_1_1' title='bbox 938 305 1357 360; x_wconf 77' lang='lat' dir='ltr'><strong><em>ARISTIDES</em></strong></span> <span class='ocrx_word' id='word_1_2' title='bbox 1522 314 1534 328; x_wconf 95' lang='lat'><strong>·</strong></span> <span class='ocrx_word' id='word_1_3' title='bbox 1967 296 2048 360; x_wconf 84' lang='lat'>23</span> 
     </span>
    </p>
   </div>
   <div class='ocr_carea' id='block_1_2' title="bbox 180 467 2049 846">
    <p class='ocr_par' dir='ltr' id='par_1_2' title="bbox 180 467 2049 846">
     <span class='ocr_line' id='line_1_2' title="bbox 180 467 2049 558; baseline 0.001 -20"><span class='ocrx_word' id='word_1_4' title='bbox 180 503 208 558; x_wconf 85' lang='lat'><strong>5</strong></span> <span class='ocrx_word' id='word_1_5' title='bbox 245 484 428 555; x_wconf 91' lang='lat' dir='ltr'>esset,</span> <span class='ocrx_word' id='word_1_6' title='bbox 463 484 780 557; x_wconf 78' lang='lat' dir='ltr'>praestare</span> <span class='ocrx_word' id='word_1_7' title='bbox 821 497 1004 556; x_wconf 88' lang='lat' dir='ltr'>posse</span> <span class='ocrx_word' id='word_1_8' title='bbox 1045 479 1420 556; x_wconf 80' lang='lat' dir='ltr'>desperaret.</span> <span class='ocrx_word' id='word_1_9' title='bbox 1508 467 1686 538; x_wconf 73' lang='lat' dir='ltr'>Tdem</span> <span class='ocrx_word' id='word_1_10' title='bbox 1732 497 1873 540; x_wconf 90' lang='lat' dir='ltr'>ossa</span> <span class='ocrx_word' id='word_1_11' title='bbox 1917 480 2049 540; x_wconf 89' lang='lat' dir='ltr'>eius</span> 
     </span>
     <span class='ocr_line' id='line_1_3' title="bbox 243 574 2049 652; baseline 0.001 -18"><span class='ocrx_word' id='word_1_12' title='bbox 243 574 406 634; x_wconf 88' lang='lat' dir='ltr'>clam</span> <span class='ocrx_word' id='word_1_13' title='bbox 449 575 519 633; x_wconf 89' lang='lat' dir='ltr'>in</span> <span class='ocrx_word' id='word_1_14' title='bbox 560 574 780 634; x_wconf 80' lang='lat' dir='ltr'>Attica</span> <span class='ocrx_word' id='word_1_15' title='bbox 819 575 898 635; x_wconf 91' lang='lat' dir='ltr'>ab</span> <span class='ocrx_word' id='word_1_16' title='bbox 939 575 1156 635; x_wconf 91' lang='lat' dir='ltr'>amicis</span> <span class='ocrx_word' id='word_1_17' title='bbox 1187 576 1450 652; x_wconf 86' lang='lat' dir='ltr'>sepulta,</span> <span class='ocrx_word' id='word_1_18' title='bbox 1480 575 1775 652; x_wconf 89' lang='lat' dir='ltr'>quoniam</span> <span class='ocrx_word' id='word_1_19' title='bbox 1808 575 2049 651; x_wconf 84' lang='lat' dir='ltr'>legibus</span> 
     </span>
     <span class='ocr_line' id='line_1_4' title="bbox 244 671 2047 750; baseline 0.002 -20"><span class='ocrx_word' id='word_1_20' title='bbox 244 681 371 731; x_wconf 76' lang='lat' dir='ltr'>nen</span> <span class='ocrx_word' id='word_1_21' title='bbox 397 673 854 746; x_wconf 86' lang='lat' dir='ltr'>concederetur,</span> <span class='ocrx_word' id='word_1_22' title='bbox 886 673 1052 750; x_wconf 87' lang='lat' dir='ltr'>quod</span> <span class='ocrx_word' id='word_1_23' title='bbox 1079 671 1455 750; x_wconf 76' lang='lat' dir='ltr'>preditienis</span> <span class='ocrx_word' id='word_1_24' title='bbox 1493 678 1660 733; x_wconf 91' lang='lat' dir='ltr'>esset</span> <span class='ocrx_word' id='word_1_25' title='bbox 1697 673 2047 748; x_wconf 76' lang='lat' dir='ltr'>damnatuS,</span> 
     </span>
     <span class='ocr_line' id='line_1_5' title="bbox 243 767 902 846; baseline 0.002 -20"><span class='ocrx_word' id='word_1_26' title='bbox 243 767 577 828; x_wconf 81' lang='lat' dir='ltr'><strong>memoriae</strong></span> <span class='ocrx_word' id='word_1_27' title='bbox 605 768 902 846; x_wconf 77' lang='lat' dir='ltr'>predidit.</span> 
     </span>
    </p>
   </div>
   <div class='ocr_carea' id='block_1_3' title="bbox 1009 951 1285 980">
    <p class='ocr_par' dir='ltr' id='par_1_3' title="bbox 1009 951 1285 980">
     <span class='ocr_line' id='line_1_6' title="bbox 1009 951 1285 980; baseline 0 2554"><span class='ocrx_word' id='word_1_28' title='bbox 1009 951 1285 980; x_wconf 95' lang='lat' dir='ltr'> </span> 
     </span>
    </p>
   </div>
   <div class='ocr_carea' id='block_1_4' title="bbox 823 1170 1472 1231">
    <p class='ocr_par' dir='ltr' id='par_1_4' title="bbox 823 1170 1472 1231">
     <span class='ocr_line' id='line_1_7' title="bbox 823 1170 1472 1231; baseline 0.003 -2"><span class='ocrx_word' id='word_1_29' title='bbox 823 1171 952 1230; x_wconf 89' lang='grc' dir='ltr'><strong>ΙΙΙ.</strong></span> <span class='ocrx_word' id='word_1_30' title='bbox 1011 1170 1472 1231; x_wconf 84' lang='lat' dir='ltr'>ARISTIDES</span> 
     </span>
    </p>
   </div>
   <div class='ocr_carea' id='block_1_5' title="bbox 245 1347 2051 1555">
    <p class='ocr_par' dir='ltr' id='par_1_5' title="bbox 245 1347 2051 1555">
     <span class='ocr_line' id='line_1_8' title="bbox 325 1347 2049 1406; baseline 0.002 -13"><span class='ocrx_word' id='word_1_31' title='bbox 325 1347 350 1406; x_wconf 60' lang='grc' dir='ltr'><strong>ᾗ</strong></span> <span class='ocrx_word' id='word_1_32' title='bbox 371 1347 411 1394; x_wconf 94' lang='grc' dir='ltr'>Ῑ.</span> <span class='ocrx_word' id='word_1_33' title='bbox 453 1347 704 1395; x_wconf 79' lang='lat' dir='ltr'>Aristides</span> <span class='ocrx_word' id='word_1_34' title='bbox 723 1361 830 1395; x_wconf 85' lang='lat' dir='ltr'>was</span> <span class='ocrx_word' id='word_1_35' title='bbox 851 1361 883 1394; x_wconf 98' lang='lat' dir='ltr'>a</span> <span class='ocrx_word' id='word_1_36' title='bbox 903 1352 1296 1406; x_wconf 80' lang='lat' dir='ltr'>contemporary</span> <span class='ocrx_word' id='word_1_37' title='bbox 1316 1348 1419 1394; x_wconf 89' lang='lat' dir='ltr'>and</span> <span class='ocrx_word' id='word_1_38' title='bbox 1439 1348 1573 1394; x_wconf 85' lang='lat' dir='ltr'>rival</span> <span class='ocrx_word' id='word_1_39' title='bbox 1592 1348 1648 1394; x_wconf 74' lang='lat' dir='ltr'>oi</span> <span class='ocrx_word' id='word_1_40' title='bbox 1668 1348 2049 1404; x_wconf 73' lang='lat' dir='ltr'>Themistoclea,</span> 
     </span>
     <span class='ocr_line' id='line_1_9' title="bbox 245 1421 2051 1480; baseline 0.001 -12"><span class='ocrx_word' id='word_1_41' title='bbox 245 1423 468 1480; x_wconf 80' lang='lat' dir='ltr'>through</span> <span class='ocrx_word' id='word_1_42' title='bbox 497 1424 666 1469; x_wconf 86' lang='lat' dir='ltr'>whose</span> <span class='ocrx_word' id='word_1_43' title='bbox 699 1421 950 1469; x_wconf 87' lang='lat' dir='ltr'>influence</span> <span class='ocrx_word' id='word_1_44' title='bbox 982 1423 1045 1468; x_wconf 86' lang='lat' dir='ltr'>he</span> <span class='ocrx_word' id='word_1_45' title='bbox 1075 1435 1182 1469; x_wconf 85' lang='lat' dir='ltr'>was</span> <span class='ocrx_word' id='word_1_46' title='bbox 1215 1423 1513 1469; x_wconf 85' lang='lat' dir='ltr'>ostracized.</span> <span class='ocrx_word' id='word_1_47' title='bbox 1587 1423 1665 1469; x_wconf 91' lang='lat' dir='ltr'>He</span> <span class='ocrx_word' id='word_1_48' title='bbox 1695 1436 1803 1470; x_wconf 83' lang='lat' dir='ltr'>was</span> <span class='ocrx_word' id='word_1_49' title='bbox 1836 1423 2051 1470; x_wconf 78' lang='lat' dir='ltr'>allowed</span> 
     </span>
     <span class='ocr_line' id='line_1_10' title="bbox 245 1496 1742 1555; baseline 0 -13"><span class='ocrx_word' id='word_1_50' title='bbox 245 1499 300 1542; x_wconf 90' lang='lat' dir='ltr'>to</span> <span class='ocrx_word' id='word_1_51' title='bbox 332 1501 508 1542; x_wconf 89' lang='lat' dir='ltr'>return</span> <span class='ocrx_word' id='word_1_52' title='bbox 538 1497 713 1543; x_wconf 85' lang='lat' dir='ltr'>before</span> <span class='ocrx_word' id='word_1_53' title='bbox 743 1498 830 1543; x_wconf 91' lang='lat' dir='ltr'>the</span> <span class='ocrx_word' id='word_1_54' title='bbox 860 1501 994 1543; x_wconf 91' lang='lat' dir='ltr'>term</span> <span class='ocrx_word' id='word_1_55' title='bbox 1023 1496 1079 1542; x_wconf 75' lang='lat' dir='ltr'>oi</span> <span class='ocrx_word' id='word_1_56' title='bbox 1108 1496 1190 1543; x_wconf 87' lang='lat' dir='ltr'>his</span> <span class='ocrx_word' id='word_1_57' title='bbox 1220 1497 1352 1543; x_wconf 82' lang='lat' dir='ltr'>exile</span> <span class='ocrx_word' id='word_1_58' title='bbox 1382 1497 1485 1544; x_wconf 87' lang='lat' dir='ltr'>had</span> <span class='ocrx_word' id='word_1_59' title='bbox 1516 1497 1742 1555; x_wconf 84' lang='lat' dir='ltr'>expired.</span> 
     </span>
    </p>
   </div>
   <div class='ocr_carea' id='block_1_6' title="bbox 245 1575 2053 1810">
    <p class='ocr_par' dir='ltr' id='par_1_6' title="bbox 245 1575 2053 1810">
     <span class='ocr_line' id='line_1_11' title="bbox 327 1575 2049 1673; baseline 0.001 -13"><span class='ocrx_word' id='word_1_60' title='bbox 327 1614 438 1672; x_wconf 85' lang='lat' dir='ltr'>§IL</span> <span class='ocrx_word' id='word_1_61' title='bbox 481 1615 558 1661; x_wconf 91' lang='lat' dir='ltr'>He</span> <span class='ocrx_word' id='word_1_62' title='bbox 608 1575 792 1673; x_wconf 70' lang='lat' dir='ltr'>fought</span> <span class='ocrx_word' id='word_1_63' title='bbox 841 1615 896 1660; x_wconf 90' lang='lat' dir='ltr'>in</span> <span class='ocrx_word' id='word_1_64' title='bbox 944 1615 1031 1661; x_wconf 88' lang='lat' dir='ltr'>the</span> <span class='ocrx_word' id='word_1_65' title='bbox 1072 1615 1265 1662; x_wconf 87' lang='lat' dir='ltr'>battles</span> <span class='ocrx_word' id='word_1_66' title='bbox 1314 1615 1371 1661; x_wconf 76' lang='lat' dir='ltr'>of</span> <span class='ocrx_word' id='word_1_67' title='bbox 1420 1614 1639 1662; x_wconf 86' lang='lat' dir='ltr'><strong>Salamis</strong></span> <span class='ocrx_word' id='word_1_68' title='bbox 1679 1615 1781 1661; x_wconf 87' lang='lat' dir='ltr'>and</span> <span class='ocrx_word' id='word_1_69' title='bbox 1820 1615 2049 1662; x_wconf 82' lang='lat' dir='ltr'>Plataea.</span> 
     </span>
     <span class='ocr_line' id='line_1_12' title="bbox 245 1687 2053 1749; baseline 0.002 -15"><span class='ocrx_word' id='word_1_70' title='bbox 245 1687 487 1747; x_wconf 88' lang='lat' dir='ltr'>Through</span> <span class='ocrx_word' id='word_1_71' title='bbox 517 1689 598 1736; x_wconf 89' lang='lat' dir='ltr'>his</span> <span class='ocrx_word' id='word_1_72' title='bbox 629 1688 880 1736; x_wconf 89' lang='lat' dir='ltr'>influence</span> <span class='ocrx_word' id='word_1_73' title='bbox 902 1689 1098 1736; x_wconf 83' lang='lat' dir='ltr'>Athens</span> <span class='ocrx_word' id='word_1_74' title='bbox 1119 1693 1209 1748; x_wconf 90' lang='lat' dir='ltr'>got</span> <span class='ocrx_word' id='word_1_75' title='bbox 1229 1689 1501 1736; x_wconf 82' lang='lat' dir='ltr'>command</span> <span class='ocrx_word' id='word_1_76' title='bbox 1521 1690 1577 1735; x_wconf 76' lang='lat' dir='ltr'>of</span> <span class='ocrx_word' id='word_1_77' title='bbox 1598 1690 1684 1736; x_wconf 88' lang='lat' dir='ltr'>the</span> <span class='ocrx_word' id='word_1_78' title='bbox 1706 1690 1883 1736; x_wconf 78' lang='lat' dir='ltr'>united</span> <span class='ocrx_word' id='word_1_79' title='bbox 1914 1703 2053 1749; x_wconf 84' lang='lat' dir='ltr'>navy</span> 
     </span>
     <span class='ocr_line' id='line_1_13' title="bbox 245 1763 528 1810; baseline 0.004 -1"><span class='ocrx_word' id='word_1_80' title='bbox 245 1764 302 1809; x_wconf 77' lang='lat' dir='ltr'>of</span> <span class='ocrx_word' id='word_1_81' title='bbox 323 1763 528 1810; x_wconf 84' lang='lat' dir='ltr'>Greece.</span> 
     </span>
    </p>
   </div>
   <div class='ocr_carea' id='block_1_7' title="bbox 245 1880 2054 2015">
    <p class='ocr_par' dir='ltr' id='par_1_7' title="bbox 245 1880 2054 2015">
     <span class='ocr_line' id='line_1_14' title="bbox 327 1880 2054 1942; baseline 0.002 -16"><span class='ocrx_word' id='word_1_82' title='bbox 327 1880 352 1938; x_wconf 57' lang='grc' dir='ltr'>ᾗ</span> <span class='ocrx_word' id='word_1_83' title='bbox 375 1881 462 1926; x_wconf 91' lang='grc' dir='ltr'>ῙΠ.</span> <span class='ocrx_word' id='word_1_84' title='bbox 504 1881 755 1928; x_wconf 84' lang='lat' dir='ltr'>Aristides</span> <span class='ocrx_word' id='word_1_85' title='bbox 776 1894 882 1928; x_wconf 88' lang='lat' dir='ltr'>was</span> <span class='ocrx_word' id='word_1_86' title='bbox 903 1894 1127 1929; x_wconf 85' lang='lat' dir='ltr'>assessor</span> <span class='ocrx_word' id='word_1_87' title='bbox 1146 1882 1202 1927; x_wconf 77' lang='lat' dir='ltr'>of</span> <span class='ocrx_word' id='word_1_88' title='bbox 1222 1882 1309 1928; x_wconf 87' lang='lat' dir='ltr'>the</span> <span class='ocrx_word' id='word_1_89' title='bbox 1331 1881 1524 1928; x_wconf 87' lang='lat' dir='ltr'>tribute</span> <span class='ocrx_word' id='word_1_90' title='bbox 1545 1887 1599 1928; x_wconf 89' lang='lat' dir='ltr'>to</span> <span class='ocrx_word' id='word_1_91' title='bbox 1621 1883 1683 1929; x_wconf 91' lang='lat' dir='ltr'>be</span> <span class='ocrx_word' id='word_1_92' title='bbox 1703 1883 1823 1940; x_wconf 89' lang='lat' dir='ltr'>paid</span> <span class='ocrx_word' id='word_1_93' title='bbox 1846 1883 1913 1942; x_wconf 80' lang='lat' dir='ltr'>by</span> <span class='ocrx_word' id='word_1_94' title='bbox 1929 1885 2054 1930; x_wconf 85' lang='lat' dir='ltr'>each</span> 
     </span>
     <span class='ocr_line' id='line_1_15' title="bbox 245 1955 1645 2015; baseline -0.001 -12"><span class='ocrx_word' id='word_1_95' title='bbox 245 1960 380 2003; x_wconf 85' lang='lat' dir='ltr'>state</span> <span class='ocrx_word' id='word_1_96' title='bbox 402 1956 456 2001; x_wconf 89' lang='lat' dir='ltr'>in</span> <span class='ocrx_word' id='word_1_97' title='bbox 475 1957 562 2002; x_wconf 91' lang='lat' dir='ltr'>the</span> <span class='ocrx_word' id='word_1_98' title='bbox 583 1957 766 2002; x_wconf 89' lang='lat' dir='ltr'>Delian</span> <span class='ocrx_word' id='word_1_99' title='bbox 787 1955 983 2014; x_wconf 86' lang='lat' dir='ltr'>league‚</span> <span class='ocrx_word' id='word_1_100' title='bbox 1005 1960 1094 2014; x_wconf 82' lang='lat' dir='ltr'>yet</span> <span class='ocrx_word' id='word_1_101' title='bbox 1114 1957 1178 2002; x_wconf 90' lang='lat' dir='ltr'>he</span> <span class='ocrx_word' id='word_1_102' title='bbox 1199 1956 1317 2002; x_wconf 86' lang='lat' dir='ltr'>died</span> <span class='ocrx_word' id='word_1_103' title='bbox 1338 1956 1391 2001; x_wconf 91' lang='lat' dir='ltr'>in</span> <span class='ocrx_word' id='word_1_104' title='bbox 1411 1961 1645 2015; x_wconf 80' lang='lat' dir='ltr'>poverty.</span> 
     </span>
    </p>
   </div>
   <div class='ocr_carea' id='block_1_8' title="bbox 177 2116 2153 3162">
    <p class='ocr_par' dir='ltr' id='par_1_8' title="bbox 183 2116 2150 2292">
     <span class='ocr_line' id='line_1_16' title="bbox 183 2116 2150 2196; baseline -0.001 -15"><span class='ocrx_word' id='word_1_105' title='bbox 183 2147 204 2182; x_wconf 92' lang='lat'>1</span> <span class='ocrx_word' id='word_1_106' title='bbox 327 2119 378 2178; x_wconf 93' lang='grc' dir='ltr'>Ι.</span> <span class='ocrx_word' id='word_1_107' title='bbox 438 2118 769 2193; x_wconf 74' lang='lat' dir='ltr'>Aristides,</span> <span class='ocrx_word' id='word_1_108' title='bbox 791 2116 1152 2196; x_wconf 70' lang='lat' dir='ltr'>Lysimachi</span> <span class='ocrx_word' id='word_1_109' title='bbox 1168 2117 1367 2191; x_wconf 80' lang='lat' dir='ltr'>filius,</span> <span class='ocrx_word' id='word_1_110' title='bbox 1391 2117 1816 2194; x_wconf 72' lang='lat' dir='ltr'>Atheniensis,</span> <span class='ocrx_word' id='word_1_111' title='bbox 1835 2130 2053 2196; x_wconf 75' lang='lat' dir='ltr'>aequa-</span> <span class='ocrx_word' id='word_1_112' title='bbox 2122 2137 2150 2192; x_wconf 85' lang='lat'><strong>5</strong></span> 
     </span>
     <span class='ocr_line' id='line_1_17' title="bbox 245 2214 2053 2292; baseline 0.001 -17"><span class='ocrx_word' id='word_1_113' title='bbox 245 2216 328 2276; x_wconf 89' lang='lat' dir='ltr'>lis</span> <span class='ocrx_word' id='word_1_114' title='bbox 355 2216 488 2274; x_wconf 82' lang='lat' dir='ltr'>fere</span> <span class='ocrx_word' id='word_1_115' title='bbox 517 2215 643 2274; x_wconf 83' lang='lat' dir='ltr'>fuit</span> <span class='ocrx_word' id='word_1_116' title='bbox 672 2214 1081 2275; x_wconf 79' lang='lat' dir='ltr'>Themistocli</span> <span class='ocrx_word' id='word_1_117' title='bbox 1109 2220 1298 2291; x_wconf 89' lang='lat' dir='ltr'>atque</span> <span class='ocrx_word' id='word_1_118' title='bbox 1324 2233 1462 2273; x_wconf 90' lang='lat' dir='ltr'>cum</span> <span class='ocrx_word' id='word_1_119' title='bbox 1495 2224 1567 2274; x_wconf 75' lang='lat' dir='ltr'>ee</span> <span class='ocrx_word' id='word_1_120' title='bbox 1590 2215 1667 2274; x_wconf 90' lang='lat' dir='ltr'>de</span> <span class='ocrx_word' id='word_1_121' title='bbox 1696 2216 2053 2292; x_wconf 75' lang='lat' dir='ltr'>principatu</span> 
     </span>
    </p>

    <p class='ocr_par' dir='ltr' id='par_1_9' title="bbox 179 2310 2153 2952">
     <span class='ocr_line' id='line_1_18' title="bbox 179 2310 2051 2388; baseline -0.002 -14"><span class='ocrx_word' id='word_1_122' title='bbox 179 2338 210 2374; x_wconf 91' lang='lat'><strong>2</strong></span> <span class='ocrx_word' id='word_1_123' title='bbox 244 2311 598 2372; x_wconf 86' lang='lat' dir='ltr'>contendit:</span> <span class='ocrx_word' id='word_1_124' title='bbox 643 2329 912 2388; x_wconf 87' lang='lat' dir='ltr'>namque</span> <span class='ocrx_word' id='word_1_125' title='bbox 961 2312 1389 2371; x_wconf 81' lang='lat' dir='ltr'>obtrectarunt</span> <span class='ocrx_word' id='word_1_126' title='bbox 1441 2310 1608 2370; x_wconf 87' lang='lat' dir='ltr'>inter</span> <span class='ocrx_word' id='word_1_127' title='bbox 1636 2321 1718 2371; x_wconf 91' lang='lat' dir='ltr'>se.</span> <span class='ocrx_word' id='word_1_128' title='bbox 1816 2312 1897 2371; x_wconf 88' lang='lat' dir='ltr'>In</span> <span class='ocrx_word' id='word_1_129' title='bbox 1951 2313 2051 2373; x_wconf 86' lang='lat' dir='ltr'>his</span> 
     </span>
     <span class='ocr_line' id='line_1_19' title="bbox 245 2407 2055 2485; baseline 0 -17"><span class='ocrx_word' id='word_1_130' title='bbox 245 2414 455 2468; x_wconf 89' lang='lat' dir='ltr'>autem</span> <span class='ocrx_word' id='word_1_131' title='bbox 503 2407 821 2483; x_wconf 76' lang='lat' dir='ltr'>cegnitum</span> <span class='ocrx_word' id='word_1_132' title='bbox 869 2413 982 2481; x_wconf 88' lang='lat' dir='ltr'>est,</span> <span class='ocrx_word' id='word_1_133' title='bbox 1019 2412 1255 2484; x_wconf 77' lang='lat' dir='ltr'>quante</span> <span class='ocrx_word' id='word_1_134' title='bbox 1304 2412 1648 2467; x_wconf 79' lang='lat' dir='ltr'>antestaret</span> <span class='ocrx_word' id='word_1_135' title='bbox 1699 2408 2055 2485; x_wconf 87' lang='lat' dir='ltr'>eloquentia</span> 
     </span>
     <span class='ocr_line' id='line_1_20' title="bbox 244 2503 2054 2580; baseline 0.001 -16"><span class='ocrx_word' id='word_1_136' title='bbox 244 2505 655 2564; x_wconf 89' lang='lat' dir='ltr'>innocentiae.</span> <span class='ocrx_word' id='word_1_137' title='bbox 787 2504 1175 2580; x_wconf 83' lang='lat' dir='ltr'>Quamquam</span> <span class='ocrx_word' id='word_1_138' title='bbox 1244 2503 1413 2562; x_wconf 91' lang='lat' dir='ltr'>enim</span> <span class='ocrx_word' id='word_1_139' title='bbox 1483 2504 1636 2563; x_wconf 70' lang='lat' dir='ltr'>ades)</span> <span class='ocrx_word' id='word_1_140' title='bbox 1706 2505 2054 2566; x_wconf 85' lang='lat' dir='ltr'>excellebat</span> 
     </span>
     <span class='ocr_line' id='line_1_21' title="bbox 243 2600 2153 2677; baseline -0.003 -17"><span class='ocrx_word' id='word_1_141' title='bbox 243 2601 561 2662; x_wconf 83' lang='lat' dir='ltr'>Aristides</span> <span class='ocrx_word' id='word_1_142' title='bbox 611 2600 1009 2674; x_wconf 78' lang='lat' dir='ltr'>abstinentia,</span> <span class='ocrx_word' id='word_1_143' title='bbox 1037 2605 1112 2659; x_wconf 90' lang='lat' dir='ltr'>ut</span> <span class='ocrx_word' id='word_1_144' title='bbox 1159 2609 1323 2659; x_wconf 76' lang='lat' dir='ltr'>finus</span> <span class='ocrx_word' id='word_1_145' title='bbox 1373 2605 1518 2677; x_wconf 90' lang='lat' dir='ltr'>post</span> <span class='ocrx_word' id='word_1_146' title='bbox 1565 2600 1887 2659; x_wconf 90' lang='lat' dir='ltr'>hominum</span> <span class='ocrx_word' id='word_1_147' title='bbox 1932 2620 2054 2661; x_wconf 90' lang='lat' dir='ltr'>me·</span> <span class='ocrx_word' id='word_1_148' title='bbox 2094 2620 2153 2656; x_wconf 82' lang='grc' dir='ltr'>ιο</span> 
     </span>
     <span class='ocr_line' id='line_1_22' title="bbox 244 2696 2052 2774; baseline 0.001 -18"><span class='ocrx_word' id='word_1_149' title='bbox 244 2699 525 2772; x_wconf 86' lang='lat' dir='ltr'>moriam,</span> <span class='ocrx_word' id='word_1_150' title='bbox 555 2716 740 2774; x_wconf 92' lang='lat' dir='ltr'>quem</span> <span class='ocrx_word' id='word_1_151' title='bbox 788 2697 1043 2774; x_wconf 90' lang='lat' dir='ltr'>quidem</span> <span class='ocrx_word' id='word_1_152' title='bbox 1090 2705 1206 2756; x_wconf 77' lang='lat' dir='ltr'>nes</span> <span class='ocrx_word' id='word_1_153' title='bbox 1252 2696 1651 2770; x_wconf 87' lang='lat' dir='ltr'>audierimus,</span> <span class='ocrx_word' id='word_1_154' title='bbox 1688 2698 2052 2772; x_wconf 75' lang='lat' dir='ltr'>cegnemine</span> 
     </span>
     <span class='ocr_line' id='line_1_23' title="bbox 245 2793 2056 2871; baseline 0.001 -18"><span class='ocrx_word' id='word_1_155' title='bbox 245 2795 462 2855; x_wconf 74' lang='lat' dir='ltr'>Iustus</span> <span class='ocrx_word' id='word_1_156' title='bbox 493 2794 577 2854; x_wconf 90' lang='lat' dir='ltr'>sit</span> <span class='ocrx_word' id='word_1_157' title='bbox 603 2793 975 2871; x_wconf 81' lang='lat' dir='ltr'>appellatus,</span> <span class='ocrx_word' id='word_1_158' title='bbox 1005 2797 1220 2852; x_wconf 87' lang='lat' dir='ltr'>tamen</span> <span class='ocrx_word' id='word_1_159' title='bbox 1259 2801 1298 2852; x_wconf 80' lang='lat' dir='ltr'>a</span> <span class='ocrx_word' id='word_1_160' title='bbox 1339 2793 1760 2853; x_wconf 81' lang='lat' dir='ltr'>Themistocle</span> <span class='ocrx_word' id='word_1_161' title='bbox 1794 2794 2056 2855; x_wconf 91' lang='lat' dir='ltr'>collabe-</span> 
     </span>
     <span class='ocr_line' id='line_1_24' title="bbox 243 2889 2053 2952; baseline 0.001 -2"><span class='ocrx_word' id='word_1_162' title='bbox 243 2892 450 2951; x_wconf 80' lang='lat' dir='ltr'>factus</span> <span class='ocrx_word' id='word_1_163' title='bbox 495 2891 730 2950; x_wconf 80' lang='lat' dir='ltr'>testula</span> <span class='ocrx_word' id='word_1_164' title='bbox 771 2889 884 2950; x_wconf 77' lang='lat' dir='ltr'>illa</span> <span class='ocrx_word' id='word_1_165' title='bbox 925 2889 1116 2949; x_wconf 72' lang='lat' dir='ltr'>exilis)</span> <span class='ocrx_word' id='word_1_166' title='bbox 1155 2889 1368 2949; x_wconf 89' lang='lat' dir='ltr'>decem</span> <span class='ocrx_word' id='word_1_167' title='bbox 1411 2899 1710 2949; x_wconf 76' lang='lat' dir='ltr'>annerum</span> <span class='ocrx_word' id='word_1_168' title='bbox 1748 2891 2053 2952; x_wconf 82' lang='lat' dir='ltr'>multatus</span> 
     </span>
    </p>

    <p class='ocr_par' dir='ltr' id='par_1_10' title="bbox 177 2985 2148 3162">
     <span class='ocr_line' id='line_1_25' title="bbox 177 2985 2055 3064; baseline 0 -17"><span class='ocrx_word' id='word_1_169' title='bbox 177 3013 207 3064; x_wconf 90' lang='lat'><strong>3</strong></span> <span class='ocrx_word' id='word_1_170' title='bbox 243 2993 358 3048; x_wconf 91' lang='lat' dir='ltr'>est.</span> <span class='ocrx_word' id='word_1_171' title='bbox 443 2987 564 3057; x_wconf 83' lang='lat' dir='ltr'>Qui</span> <span class='ocrx_word' id='word_1_172' title='bbox 592 2986 845 3064; x_wconf 89' lang='lat' dir='ltr'>quidem</span> <span class='ocrx_word' id='word_1_173' title='bbox 879 3005 1018 3045; x_wconf 91' lang='lat' dir='ltr'>cum</span> <span class='ocrx_word' id='word_1_174' title='bbox 1060 2985 1457 3062; x_wconf 87' lang='lat' dir='ltr'>intellegeret</span> <span class='ocrx_word' id='word_1_175' title='bbox 1494 2987 1751 3063; x_wconf 86' lang='lat' dir='ltr'>reprimi</span> <span class='ocrx_word' id='word_1_176' title='bbox 1792 2988 2055 3048; x_wconf 76' lang='lat' dir='ltr'>concita-</span> 
     </span>
     <span class='ocr_line' id='line_1_26' title="bbox 242 3083 2148 3162; baseline 0.001 -18"><span class='ocrx_word' id='word_1_177' title='bbox 242 3091 374 3144; x_wconf 90' lang='lat' dir='ltr'>tam</span> <span class='ocrx_word' id='word_1_178' title='bbox 403 3083 873 3142; x_wconf 78' lang='lat' dir='ltr'>multitudinem</span> <span class='ocrx_word' id='word_1_179' title='bbox 902 3092 1027 3143; x_wconf 84' lang='lat' dir='ltr'>n6n</span> <span class='ocrx_word' id='word_1_180' title='bbox 1056 3102 1256 3159; x_wconf 90' lang='lat' dir='ltr'>posse,</span> <span class='ocrx_word' id='word_1_181' title='bbox 1287 3084 1636 3160; x_wconf 88' lang='lat' dir='ltr'>cedensque</span> <span class='ocrx_word' id='word_1_182' title='bbox 1671 3083 2054 3144; x_wconf 86' lang='lat' dir='ltr'>animadver-</span> <span class='ocrx_word' id='word_1_183' title='bbox 2094 3109 2148 3162; x_wconf 87' lang='lat'>15</span> 
     </span>
    </p>
   </div>
  </div>
 </body>
</html>
