2417 3534
325 325 406 390 10
850 341 1230 393 CORNELII
1268 342 1610 393 NEPOTI&

402 508 428 567 5
451 510 563 556 VII.
606 510 867 560 Miltiades
893 513 938 558 is
964 517 1057 571 put
1084 513 1138 559 in
1165 513 1354 572 charge
1381 513 1437 559 of
1467 526 1498 560 a
1526 513 1650 560 ficet
1679 517 1734 559 to
1763 513 1950 571 punish
1979 515 2132 560 those

320 583 517 631 islands
539 584 705 632 which
725 587 855 633 have
876 586 1055 646 helped
1082 589 1169 634 the
1190 588 1444 634 Persians.
1506 588 1584 634 He
1609 588 1814 634 attacks
1834 588 2009 644 Paros,
2031 588 2129 634 but

320 659 443 706 tails
473 665 528 706 to
557 659 680 706 take
712 660 779 718 it3
812 661 857 707 is
886 663 1099 708 accused
1129 663 1185 708 ot
1215 666 1440 718 treason,
1469 661 1622 718 fined,
1653 663 1753 709 and
1785 663 1986 709 thrown
2016 663 2129 709 into

320 734 511 793 prison,
534 735 702 782 where
723 735 786 782 he
807 735 931 782 dies.

402 834 427 893 ᾗ
450 835 585 882 VIII.
628 836 734 884 The
755 837 1040 884 Athenians
1060 838 1236 885 feared
1261 838 1377 885 that
1398 838 1659 885 Miltiades
1677 837 1868 884 wished
1894 841 1949 883 to
1973 837 2127 884 make

320 911 529 958 himself
548 917 727 971 tyrant
746 913 802 958 of
822 912 1041 959 Athens:
1078 913 1183 960 this
1201 925 1309 959 was
1333 926 1365 959 a
1389 913 1575 960 second
1600 925 1780 959 reason
1805 912 1887 958 sor
1906 912 1987 959 his
2010 925 2128 959 con-

320 984 634 1032 demnation.
694 986 773 1033 He
793 987 895 1034 had
916 988 1018 1033 had
1038 992 1127 1033 too
1146 987 1297 1034 much
1318 987 1614 1046 experience
1634 987 1690 1034 of
1708 1000 1896 1046 power,
1917 987 2020 1034 and
2045 987 2125 1034 his

320 1072 561 1108 manners
580 1074 712 1108 were
732 1067 818 1108 too
839 1062 1150 1120 persuasive.

260 1210 282 1245 1
398 1187 546 1246 VII.
605 1187 759 1246 Post
791 1187 910 1247 hec
946 1188 1251 1265 proelium
1289 1187 1552 1248 classem
1590 1187 1988 1265 septuaginta
2021 1197 2126 1248 na-

319 1282 493 1341 vium
522 1281 941 1344 Athenienses
972 1285 1175 1344 eidem
1203 1284 1484 1344 Miltiadi
1513 1284 1838 1359 dederunt,
1861 1290 1934 1344 ut
1961 1294 2125 1346 insu-

320 1379 432 1452 IaS,
468 1397 625 1457 quae
664 1380 956 1440 barbares
994 1381 1386 1456 adiuverant,
1421 1381 1587 1441 belle
1627 1387 2118 1458 persequeretur.

321 1475 455 1545 Que
483 1475 549 1534 in
578 1476 839 1553 imperis>
872 1476 1200 1554 plerasque
1241 1478 1320 1537 ad
1356 1476 1624 1537 officium
1661 1478 1862 1537 redire
1899 1477 2120 1554 coegit,

256 1596 289 1634 2
320 1572 652 1633 neunullas
695 1582 761 1632 vl
802 1574 1201 1650 expugnavit.
1294 1574 1394 1632 Ex
1434 1574 1534 1634 his
1577 1575 1808 1633 Parum
1851 1574 2123 1636 insulam
2197 1597 2225 1650 5

320 1669 539 1747 opibus
571 1669 797 1729 elatam
826 1688 966 1729 cum
996 1671 1274 1731 eratiene
1303 1671 1700 1731 reconciliare
1733 1680 1859 1731 nen
1892 1678 2120 1750 posset,

320 1767 529 1842 cepias
559 1775 591 1825 e
619 1767 885 1827 navibus
916 1767 1150 1841 eduxit,
1180 1769 1397 1827 urbem
1427 1768 1714 1845 operibus
1744 1769 1970 1829 clausit
2001 1788 2124 1829 om-

318 1871 508 1940 nique
532 1869 880 1923 commeatu
899 1864 1191 1941 privavit,
1216 1864 1364 1924 dein
1385 1875 1584 1925 vineis
1609 1883 1678 1924 ac
1699 1865 2121 1928 testudinibus

254 1981 285 2034 3
320 1959 675 2019 constitutis
704 1959 959 2037 propius
990 1969 1199 2021 mures
1235 1961 1511 2022 accessit.
1596 1962 1748 2022 Cum
1788 1961 1909 2022 iam
1949 1962 2016 2021 in
2049 1972 2122 2023 ee

320 2061 501 2130 esset,
526 2061 597 2115 ut
619 2055 849 2132 oppide
869 2061 1193 2132 potiretur,
1218 2057 1433 2135 procul
1458 2057 1527 2116 in
1552 2057 1900 2117 continenti
1922 2059 2118 2134 lucae,
2163 2082 2227 2119 10

319 2162 430 2230 qui
468 2170 544 2210 ex
581 2150 791 2212 Insula
824 2152 1341 2229 censpiciebatur,
1381 2154 1590 2214 nescie
1632 2163 1757 2231 que
1797 2163 1946 2216 casu
1985 2173 2124 2215 noc-

317 2256 505 2309 turne
546 2255 822 2327 tempore
864 2248 1155 2310 incensus
1198 2256 1311 2310 est.
1407 2251 1598 2312 Cuius
1641 2250 1892 2311 flamma
1932 2257 2003 2311 ut
2042 2253 2121 2312 ab

319 2346 649 2423 oppidanis
679 2351 741 2405 et
770 2346 1303 2423 oppugnateribus
1332 2352 1428 2407 est
1455 2356 1609 2422 visa,
1634 2353 1916 2426 utrisque
1945 2347 2123 2408 venit

251 2469 287 2517 4
319 2443 386 2502 in
409 2442 763 2520 opinienem
787 2452 1035 2518 signum
1057 2452 1096 2502 a
1114 2443 1454 2504 classiariis
1477 2443 1664 2520 regiis
1687 2443 1920 2504 datum.
1987 2445 2122 2516 Que

318 2541 558 2600 factum
593 2545 690 2600 est
722 2545 793 2599 ut
832 2546 893 2599 et
926 2540 1100 2599 Parii
1137 2549 1174 2600 a
1214 2540 1529 2600 deditiene
1568 2541 2025 2601 deterrerentur
2059 2548 2122 2601 et
2161 2563 2220 2618 15

318 2637 661 2712 Miltiades,
692 2636 921 2698 timens
950 2646 1029 2696 ne
1058 2637 1276 2698 classis
1305 2637 1477 2715 regia
1505 2637 1889 2713 adventaret,
1919 2637 2124 2698 incen-

320 2742 405 2794 sis
449 2733 737 2811 operibus
780 2752 939 2810 quae
989 2739 1312 2809 statuerat,
1355 2753 1497 2794 cum
1545 2733 1808 2794 totidem
1858 2734 2121 2796 navibus

318 2836 505 2908 atque
534 2835 669 2890 erat
696 2830 1013 2908 profectus
1042 2830 1328 2891 Athenas
1357 2840 1584 2907 magna
1610 2849 1751 2891 cum
1780 2831 2122 2893 offensiene

254 2950 282 3004 5
318 2926 550 2987 civium
589 2936 840 2987 suerum
878 2927 1127 2987 rediret.
1214 2928 1562 2989 Accusatus
1600 2937 1746 3004 erge
1783 2933 1880 2989 est
1920 2927 2123 3006 predi-

317 3023 527 3098 tienis,
566 3023 749 3102 quod,
790 3042 930 3083 cum
966 3024 1198 3083 Parum
1237 3033 1592 3102 expugnare
1633 3030 1862 3102 posset,
1901 3034 1940 3084 a
1979 3033 2122 3100 rege
2157 3045 2222 3084 20

317 3129 645 3200 corruptus
688 3120 942 3180 infectis
985 3120 1167 3180 rebus
1213 3119 1617 3182 discessisset.
1707 3121 1802 3181 Ee
1842 3125 2121 3199 tempore
