2417 3534
926 302 1358 356 LYSANDER
1962 287 2044 354 25

173 503 195 539 1
319 474 443 534 III.
503 473 670 545 Quos
699 484 822 552 que
850 474 1102 536 fabilius
1125 474 1517 552 repellerent,
1540 484 1595 535 si
1623 474 1787 534 forte
1808 473 2045 534 bellum

235 580 532 631 renovare
562 578 950 647 conarentur,
981 572 1060 631 ad
1098 571 1328 632 classes
1359 570 1775 631 aedificandas
1818 570 2046 630 exerci-

234 673 463 744 tusque
493 669 938 746 comparandes
968 675 1272 746 quantum
1300 667 1598 745 pecuniae
1642 685 1924 744 quaeque
1966 676 2046 726 ci-

237 763 404 824 vitas
433 765 627 838 daret,
658 764 972 824 Aristides
1003 765 1283 824 delectus
1326 769 1423 824 est
1463 773 1575 842 qui
1616 763 2041 839 censtitueret,

236 860 495 937 eiusque
545 860 804 920 arbitrio
853 861 1285 938 quadringena
1338 866 1401 920 et
1448 869 1759 936 sexagena
1803 860 2046 920 talenta
2113 883 2140 932 5

236 962 572 1034 quotannis
622 957 851 1016 Delum
900 962 1048 1017 sunt
1090 957 1354 1016 collata:
1398 957 1465 1016 id
1506 957 1673 1016 enim
1718 966 2042 1016 commune

235 1053 544 1112 aerarium
573 1071 707 1113 esse
735 1053 1082 1112 voluerunt.
1168 1053 1338 1124 Quae
1368 1053 1568 1113 omnis
1606 1053 1871 1130 pecunia
1908 1071 2045 1130 pos-

168 1178 200 1215 2
234 1155 373 1209 tere
400 1154 677 1227 tempore
706 1149 990 1210 Athenas
1018 1150 1329 1210 translata
1354 1155 1465 1210 est.
1540 1151 1667 1209 Hic
1694 1158 1820 1226 qua
1847 1149 2043 1209 fuerit

236 1244 635 1320 abstinentia,
666 1246 911 1305 nullum
940 1252 1037 1307 est
1065 1246 1298 1306 certius
1322 1246 1623 1306 indicium
1646 1264 1834 1322 quam
1856 1246 2039 1322 quod,

235 1359 379 1400 cum
426 1348 622 1402 tantis
666 1343 850 1402 rebus
893 1343 1290 1419 praefuisset,
1340 1342 1409 1401 in
1451 1348 1631 1402 tanta
1674 1347 2041 1419 paupertate
2084 1363 2143 1399 10

169 1463 201 1514 3
237 1437 522 1512 decessit,
553 1442 626 1497 ut
654 1448 764 1515 qui
791 1438 1116 1499 efferretur
1157 1439 1268 1498 vix
1309 1438 1649 1516 reliquerit.
1745 1438 1881 1508 Que
1919 1439 2043 1497 fac-

237 1538 373 1593 tum
402 1540 499 1594 est
525 1539 598 1593 ut
626 1534 803 1594 filiae
835 1534 968 1595 eius
1011 1535 1259 1612 publice
1302 1535 1617 1594 alerentur
1658 1540 1723 1594 et
1765 1536 1843 1594 de
1886 1553 2043 1594 com-

236 1639 415 1689 muni
441 1629 680 1691 aerario
720 1631 970 1692 detibus
1009 1631 1174 1692 datis
1203 1631 1670 1691 collocarentur.
1756 1631 2042 1691 Decessit

237 1731 447 1786 autem
492 1726 624 1786 fere
668 1731 814 1805 post
854 1746 1087 1787 annum
1131 1732 1422 1814 quartum
1468 1745 1655 1806 quam
1697 1726 2043 1788 Themisto-

235 1821 366 1883 cles
394 1822 665 1884 Athenis
694 1829 828 1884 erat
857 1823 1170 1902 expulsus.
2082 1847 2131 1894 15

715 2297 827 2356 IV.
888 2294 1055 2378 (vi.)
1115 2295 1582 2356 LYSANDER

318 2474 344 2534 ἕ
367 2476 408 2522 1.
450 2475 728 2535 Lysander,
750 2477 838 2522 the
861 2475 1080 2534 Spartan
1102 2476 1327 2535 general,
1356 2477 1499 2534 gives
1531 2477 1617 2523 the
1648 2477 1959 2524 death-blow
1988 2482 2043 2524 to

233 2551 436 2598 Athens
456 2554 512 2596 at
534 2551 620 2597 the
641 2551 739 2596 end
759 2551 815 2596 of
835 2552 922 2596 the
943 2551 1347 2608 Peloponnesian
1372 2563 1496 2597 war.
1559 2551 1709 2598 After
1740 2553 1843 2598 this
1873 2555 2042 2608 event,

233 2627 300 2672 he
332 2625 639 2672 establishes
672 2629 1032 2683 governments
1076 2625 1343 2671 favor-able
1378 2629 1432 2671 to
1466 2625 1653 2684 Sparta
1684 2626 1739 2671 in
1774 2626 1845 2673 all
1882 2631 2045 2674 states

233 2699 405 2748 which
433 2700 565 2747 have
596 2701 724 2747 been
754 2699 979 2759 friendly
1009 2703 1064 2746 to
1095 2700 1181 2746 the
1213 2699 1514 2746 Athenians.

315 2821 341 2880 ξ
365 2821 428 2866 11.
471 2821 557 2867 All
587 2822 674 2868 the
705 2826 867 2869 states
897 2833 985 2868 are
1016 2835 1130 2868 now
1160 2821 1216 2867 in
1245 2822 1325 2868 his
1353 2834 1539 2880 power.
1598 2822 1693 2869 His
1722 2823 1923 2883 cruelty
1943 2823 2046 2869 and

232 2896 436 2956 perfidy
456 2909 544 2943 are
564 2898 741 2944 shown
760 2897 830 2954 by
850 2895 930 2943 his
951 2900 1231 2943 treatment
1251 2896 1306 2944 ot
1326 2897 1414 2943 the
1436 2896 1704 2944 Thasians.

320 3017 346 3076 ξ
369 3017 456 3065 ῙῙΙ.
495 3019 601 3064 The
632 3019 852 3077 Spartan
875 3022 1237 3076 governments
1259 3019 1423 3066 which
1454 3019 1720 3078 Lysander
1747 3018 1852 3065 had
1882 3019 2048 3065 estab-

233 3093 402 3140 lished
439 3093 492 3138 in
526 3093 614 3140 the
634 3093 780 3140 cities
808 3093 962 3152 being
990 3093 1186 3140 broken
1217 3105 1302 3151 up,
1334 3093 1399 3140 he
1428 3093 1606 3153 begins
1631 3097 1685 3139 to
1705 3093 1814 3151 plot
1841 3093 2046 3152 against
