2417 3534
355 289 441 354 42
883 300 1262 352 CORNELII
1299 300 1517 351 NEPO
1525 300 1641 351 ns

714 587 826 649 VI.
887 586 1084 668 (XV.)
1140 584 1780 647 EPAMINONDAS

440 764 465 823 ξ
487 765 526 811 1.
570 766 642 811 As
670 765 722 811 in
750 765 838 811 the
862 765 1141 820 Praefatio,
1169 765 1256 810 the
1284 763 1466 811 reader
1492 764 1537 810 is
1563 763 1772 810 warned
1798 767 1890 810 not
1919 767 1974 809 to
2003 762 2162 824 Judge

358 839 527 887 Greek
550 853 788 886 manners
809 841 879 898 by
897 841 1093 886 Roman
1114 839 1410 886 standardS.

440 961 464 1019 ξ
488 961 551 1008 ΙΙ.
595 961 973 1020 Epaminondas
993 961 1095 1008 had
1117 961 1205 1007 the
1229 964 1362 1008 most
1381 959 1758 1019 distinguished
1787 961 2034 1016 toachers,
2058 960 2162 1006 and

357 1037 626 1094 sui-passed
647 1037 727 1083 his
748 1036 1087 1083 schoolmates
1108 1036 1162 1081 in
1182 1036 1255 1081 all
1275 1035 1356 1082 his
1377 1035 1587 1082 studies.
1643 1035 1738 1080 His
1764 1035 1975 1082 athletic
2003 1035 2163 1080 train-

358 1112 447 1170 ing
481 1125 587 1158 was
622 1111 839 1158 devoted
876 1115 930 1156 to
966 1110 1272 1168 developing
1305 1109 1386 1157 his
1426 1110 1562 1168 body
1597 1109 1650 1155 in
1692 1109 1778 1155 the
1818 1113 1952 1156 most
1991 1109 2162 1156 usesul

358 1199 489 1244 way.

439 1293 463 1351 ξ
487 1293 573 1339 111.
616 1294 693 1339 He
713 1305 821 1340 was
841 1292 1093 1349 virtuous,
1116 1293 1292 1350 brave,
1317 1293 1416 1339 and
1445 1292 1617 1339 elever
1631 1307 1642 1350 ;
1675 1292 1798 1339 fond
1828 1293 1884 1338 oi
1909 1292 2160 1351 learning,

358 1369 459 1415 and
480 1367 781 1414 eharitable.

300 1554 318 1590 1
439 1532 489 1591 Ι.
547 1533 1031 1610 Epaminondas,
1062 1532 1385 1611 Polymnii
1413 1531 1610 1608 filius,
1642 1531 1992 1593 Thebanus.
2065 1532 2164 1591 De

358 1629 475 1689 hoe
503 1630 865 1707 priusquam
909 1629 1256 1705 scribimus,
1286 1629 1440 1690 haec
1481 1629 1926 1708 praecipienda
1952 1628 2166 1688 viden-

357 1733 461 1787 tur
509 1726 866 1801 lectoribus,
917 1736 995 1786 ne
1045 1726 1281 1787 alienos
1323 1736 1525 1787 mores
1555 1727 1635 1787 ad
1677 1735 1821 1788 suos
1864 1727 2161 1802 referant,

358 1834 515 1884 neve
564 1844 638 1884 ea
685 1843 842 1902 quae
892 1824 1049 1901 ipsis
1096 1823 1335 1884 leviora
1375 1829 1539 1899 sunt,
1581 1833 1719 1902 pari
1765 1824 1950 1884 mods)
1995 1825 2166 1902 apud

296 1943 328 1978 2
361 1928 594 1982 eeteros
640 1921 837 1981 fuisse
889 1920 1285 1980 arbitrentur.
1373 1921 1616 1980 Scimus
1667 1921 1834 1980 enim
1882 1921 2166 1982 mfisieen
2236 1949 2264 2002 5

359 2023 590 2077 nostris
647 2017 923 2077 moribus
980 2017 1193 2077 abesse
1250 2025 1288 2076 a
1341 2016 1644 2095 principis
1707 2027 1986 2094 persona,
2047 2017 2166 2078 sal-

360 2121 493 2174 tare
534 2123 681 2174 vei-6
726 2112 917 2173 etiam
960 2113 1027 2172 in
1068 2112 1245 2174 vitiis
1291 2121 1474 2191 poni3
1533 2133 1691 2191 quae
1740 2115 1948 2174 omnia
1995 2116 2166 2193 apud

296 2234 325 2286 3
363 2213 629 2272 Graecos
672 2216 737 2270 et
784 2216 962 2285 grata
1009 2214 1072 2269 et
1118 2210 1305 2270 laude
1354 2211 1546 2286 digna
1593 2212 1919 2270 diieuntur.
2004 2213 2161 2274 Cum

362 2314 570 2368 autem
632 2307 979 2384 exprimere
1039 2306 1377 2383 imaginem
1439 2307 1910 2369 eonsuetfidinis
1973 2315 2164 2387 atque

361 2411 527 2464 vitae
590 2403 854 2464 velimus
922 2405 1414 2481 Epaminondae,
1477 2404 1642 2464 nihil
1709 2405 1997 2464 videmur
2067 2406 2166 2465 de·
2205 2433 2270 2468 10

360 2502 503 2561 bere
547 2500 1045 2578 praetermittere
1091 2502 1261 2578 quod
1303 2501 1618 2579 pertineat
1661 2502 1742 2562 ad
1786 2521 1923 2562 eam
1965 2502 2166 2563 decla-

294 2628 328 2675 4
361 2600 636 2660 randam.
730 2598 932 2669 Quare
975 2599 1254 2658 dicemus
1300 2607 1572 2676 primum
1618 2599 1695 2659 de
1740 2617 1961 2675 genere
2008 2599 2162 2672 eius»,

362 2697 586 2757 deinde
652 2695 877 2773 quibus
941 2695 1296 2772 disciplinis
1364 2699 1426 2754 et
1490 2704 1529 2754 a
1592 2695 1816 2773 quibus
1885 2696 1968 2756 sit
2033 2705 2166 2756 eru-

363 2794 548 2867 dituS,
598 2799 734 2852 tum
784 2793 859 2852 de
907 2791 1183 2853 moribus
1233 2791 1594 2869 ingeniique
1641 2793 2050 2854 facultatibus
2099 2799 2165 2854 et

362 2900 417 2952 si
475 2909 599 2968 qua
655 2889 781 2949 alia
838 2888 1137 2949 memoria
1199 2889 1390 2964 digna
1451 2894 1652 2963 erunt,
1709 2895 2024 2966 postremti
2087 2891 2164 2950 de
2205 2914 2262 2968 15

362 2986 545 3046 rebus
589 2992 799 3061 gestis,
844 3004 1002 3063 quae
1044 2994 1083 3045 a
1122 2984 1412 3062 plfirimis
1458 2984 1652 3044 animi
1697 2990 2164 3064 anteponuntur

362 3082 718 3142 virtiitibus.
