2417 3534
962 317 1394 371 HANNIBAL
1994 304 2077 369 61

277 510 467 569 quam
515 491 592 551 ab
641 489 1017 564 Hannibale,
1068 499 1148 549 ne
1201 489 1313 548 ille
1368 488 1777 549 inscientibus
1832 489 1912 549 iis
1967 489 2081 549 tol-

277 588 435 649 leret
478 606 590 647 sua
631 605 961 664 secumque
1004 586 1275 646 duceret.

363 884 389 942 ξ
411 885 475 931 Χ.
512 884 773 932 Hannibal
793 896 912 942 goes
933 888 988 931 to
1008 884 1221 940 PontuS,
1244 884 1345 931 and
1367 883 1493 930 tries
1514 888 1569 930 to
1597 883 1732 930 form
1763 896 1833 931 an
1862 883 2079 931 alliance

277 960 482 1019 against
501 959 671 1006 Rome.
721 960 799 1005 He
819 959 998 1005 makes
1019 971 1125 1004 war
1145 972 1210 1004 on
1232 958 1319 1005 the
1340 959 1469 1017 king
1488 959 1544 1004 of
1564 959 1843 1016 Pergamus
1865 959 2079 1005 because

278 1035 342 1080 he
363 1035 574 1080 favours
594 1035 680 1080 the
701 1033 939 1079 Romans.
995 1032 1073 1079 He
1094 1033 1300 1080 invents
1321 1046 1352 1079 a
1374 1033 1496 1091 plan
1516 1033 1598 1078 for
1618 1033 1805 1091 killing
1825 1034 1912 1079 the
1933 1033 2077 1091 king.

361 1152 386 1209 §
408 1153 497 1199 xl.
540 1153 646 1198 The
667 1151 813 1198 fleets
832 1152 942 1210 Join
962 1150 1144 1198 battle.
1205 1152 1312 1197 The
1332 1152 1461 1209 king
1478 1164 1701 1209 escapes‚
1723 1152 1817 1197 but
1848 1156 2080 1209 serpente

278 1228 478 1273 thrown
500 1240 565 1272 on
587 1228 674 1272 the
695 1226 851 1272 decks
878 1225 934 1271 ot
959 1226 1047 1272 the
1073 1226 1214 1283 ships
1241 1238 1393 1272 cause
1421 1227 1507 1272 the
1533 1226 1849 1284 Pergamean
1876 1224 1996 1272 fleet
2024 1230 2079 1271 to

279 1305 473 1348 retreat
493 1300 546 1345 in
567 1305 750 1347 terror.

215 1484 238 1519 1
357 1456 436 1513 X.
498 1454 596 1514 Sic
645 1459 1028 1513 censervatis
1079 1462 1212 1513 suis
1268 1454 1452 1514 rebus
1498 1454 1785 1513 omnibus
1831 1454 2078 1514 Poenus

277 1550 482 1610 illusis
513 1550 916 1610 Cretensibus
945 1549 1026 1609 ad
1054 1549 1346 1610 Prusiam
1376 1549 1443 1607 in
1471 1550 1740 1609 Pontum
1772 1551 2075 1627 pervenit.

277 1647 472 1723 Apud
515 1665 700 1723 quem
745 1647 960 1705 eedem
1006 1646 1214 1705 anime
1255 1646 1384 1705 fuit
1418 1654 1565 1721 erga
1593 1635 1849 1705 Ttaliam
1877 1666 2079 1723 neque

277 1743 452 1804 aliud
481 1743 814 1821 quicquam
843 1743 972 1819 egit
994 1761 1181 1820 quam
1209 1752 1418 1818 regem
1442 1742 1709 1802 armavit
1738 1749 1801 1803 et
1830 1743 2079 1803 exacuit

210 1872 242 1905 2
277 1841 576 1899 adversus
607 1841 938 1900 Remanes.
1023 1840 1221 1909 Quem
1263 1858 1405 1899 cum
1432 1839 1677 1899 videret
1719 1840 2079 1900 domesticis

277 1937 498 2013 opibus
527 1936 734 1996 minus
764 1955 899 1996 esse
927 1936 1268 2009 rebustum,
1298 1936 1673 1996 conciliabat
1715 1943 1954 1997 ceteres
1992 1946 2081 1996 re·

277 2044 402 2109 ges,
435 2033 813 2108 adiungebat
840 2031 1170 2093 bellicesas
1205 2032 1509 2092 natieneS.
1595 2033 1961 2093 Dissidebat
2002 2034 2081 2094 ab

275 2140 349 2189 ee
378 2131 800 2206 Pergamenus
826 2138 939 2188 rex
966 2130 1297 2203 Eumenes,
1318 2130 1618 2189 Remanis
1642 2130 2076 2205 amicissimuS,

210 2257 241 2306 3
275 2226 632 2304 bellumque
664 2226 828 2285 inter
857 2235 962 2287 ees
992 2226 1322 2301 gerebatur
1352 2232 1415 2285 et
1445 2236 1603 2286 mari
1631 2233 1695 2286 et
1722 2232 1923 2303 terra3
1968 2228 2080 2288 sed

274 2324 606 2400 utrobique
651 2323 964 2383 Eumenes
1008 2323 1152 2400 plus
1196 2323 1449 2383 valebat
1478 2329 1733 2400 propter
1775 2324 2079 2384 Remane-

274 2441 413 2479 rum
444 2422 818 2480 societatem.
888 2421 1022 2491 Que
1049 2420 1249 2495 magis
1279 2420 1569 2497 cupiebat
1591 2438 1731 2478 eum
1753 2421 2079 2481 Hannibal

275 2518 564 2595 opprimi,
609 2536 793 2594 quem
838 2526 894 2577 si
936 2516 1324 2591 remevisset,
1368 2517 1657 2576 faciliera
1705 2517 1826 2576 sibi
1873 2524 2081 2577 cetera

273 2615 410 2674 fore
460 2614 894 2674 arbitrabatur.
979 2614 1085 2672 Ad
1127 2613 1294 2672 hunc
1342 2612 1850 2673 interficiundum
1883 2614 2077 2673 talem

206 2741 241 2788 4
273 2711 422 2771 iniit
467 2711 788 2771 ratienem.
875 2710 1089 2770 Classe
1134 2720 1351 2787 paucis
1398 2710 1617 2770 diebus
1656 2716 1835 2769 erant
1876 2711 2079 2771 decre-

270 2814 418 2868 turi.
506 2807 927 2884 Superabatur
967 2807 1223 2865 navium
1267 2806 1711 2881 multitudine3
1758 2806 1901 2867 dole
1942 2814 2079 2867 erat

271 2905 697 2983 pugnandum,
728 2923 869 2963 cum
910 2912 1024 2980 par
1065 2913 1193 2963 nen
1227 2909 1390 2963 esset
1436 2914 1643 2963 armis.
1730 2904 2079 2982 Imperavit

270 3020 459 3080 quam
509 3000 812 3078 plurimas
861 3006 1202 3059 venenatas
1254 3006 1575 3077 serpentes
1632 3010 1808 3061 vivas
1866 3000 2079 3077 colligi

2120 2155 2180 2191 10

2119 2637 2176 2691 15

202 3123 230 3178 5
269 3108 502 3176 easque
529 3098 597 3156 in
619 3106 770 3157 vasa
795 3096 1020 3156 fictilia
1045 3096 1263 3156 cenici.
1336 3098 1581 3156 Harum
1604 3116 1743 3156 cum
1768 3097 2077 3157 effecisset
2114 3120 2178 3155 20
