2417 3534
284 248 368 309 64
810 258 1191 311 CORNELII
1229 258 1571 311 NEPOTIS

283 438 427 505 rege
456 434 741 506 peterent
768 438 848 489 ne
885 428 1388 489 inimicissimum
1431 448 1613 489 suum
1657 438 1867 489 secum
1908 428 2089 490 habe-

212 544 249 604 ·3
284 530 379 585 ret
409 526 652 603 sibique
681 526 949 585 dederet.
1035 527 1160 585 His
1203 525 1430 586 Prusia
1469 535 1695 601 negare
1737 545 1925 586 ausus
1963 535 2088 585 nen

283 629 414 699 est3
472 622 632 681 illud
679 624 1007 698 recusavit,
1058 632 1136 681 ne
1184 623 1253 682 id
1299 632 1337 682 a
1377 632 1443 682 se
1492 622 1629 681 fieri
1676 622 2086 700 postularent,

284 722 451 799 quod
496 721 795 781 adversus
844 721 942 781 ius
985 720 1247 797 hospitii
1289 726 1486 780 esset:
1531 720 1671 797 ipsi,
1717 730 1773 781 si
1813 725 2086 798 possent,

285 817 917 894 comprehenderent3
962 816 1184 891 locum,
1216 816 1322 877 ubi
1357 822 1539 892 esset,
1575 817 1763 877 facile
1805 818 2089 877 inventu·
2160 841 2187 895 5

285 925 403 976 res.
490 914 813 975 Hannibal
844 914 1010 973 enim
1034 924 1157 973 sino
1178 914 1315 973 loce
1339 923 1404 974 se
1432 915 1704 989 tenebat,
1734 915 1801 974 in
1830 914 2089 975 castello

286 1012 453 1089 quod
482 1021 542 1071 ei
568 1021 606 1071 a
634 1022 776 1086 rege
806 1012 1021 1070 datum
1052 1016 1186 1070 erat
1228 1020 1489 1085 muneri,
1521 1011 1709 1089 idque
1752 1021 1840 1071 sic
1881 1010 2089 1071 aedifi·

286 1114 474 1183 carat,
503 1112 575 1167 ut
604 1108 671 1167 in
700 1108 987 1168 omnibus
1016 1108 1302 1184 partibus
1344 1108 1616 1168 aedificii
1657 1108 1864 1169 exitus
1905 1109 2090 1168 habe-

285 1210 399 1280 ret,
452 1205 691 1265 scilicet
737 1214 958 1264 verens
1013 1222 1091 1263 ne
1146 1214 1268 1264 fissi
1320 1211 1565 1265 veniret
1618 1206 1786 1282 quod
1841 1205 2082 1265 accidit.

218 1331 253 1377 4
286 1303 433 1360 Huc
474 1320 615 1360 cum
656 1301 852 1375 legati
891 1302 1317 1360 Romanorum
1358 1302 1680 1362 venissent
1709 1320 1780 1361 ac
1807 1302 2088 1361 multitu·
2128 1324 2190 1359 10

287 1399 433 1458 dine
483 1398 736 1457 domum
780 1398 912 1459 eius
958 1398 1530 1473 circumdedissent,
1580 1417 1734 1475 puer
1778 1399 1857 1459 ab
1900 1398 2090 1458 ianua

286 1494 672 1573 prespiciens
703 1495 1051 1555 Hannibali
1094 1496 1259 1554 dixit
1299 1495 1510 1572 plures
1552 1501 1799 1572 praeter
1839 1505 2090 1556 censue-

285 1592 567 1652 tudinem
618 1598 891 1652 armates
940 1601 1256 1668 apparere.
1343 1593 1465 1662 Qui
1510 1592 1845 1669 imperavit
1892 1601 1969 1667 ei,
2015 1597 2088 1652 ut

286 1699 499 1749 omnes
529 1689 696 1749 fores
726 1688 997 1748 aedificii
1024 1676 1384 1748 circumiret
1411 1708 1482 1748 ac
1509 1698 1771 1766 propere
1795 1689 1915 1749 sibi
1937 1698 2090 1748 nfin-

222 1809 249 1863 5
285 1786 493 1860 tiaret,
510 1806 659 1844 num
682 1785 899 1845 eedem
928 1786 1111 1845 mode
1138 1785 1416 1862 undique
1445 1785 1849 1845 obsideretur.
1922 1786 2087 1845 Puer
2127 1808 2185 1861 15

286 1901 428 1941 cum
457 1882 740 1941 celeriter
782 1881 936 1958 quid
977 1881 1244 1942 vidisset
1285 1882 1707 1943 renuntiasset
1749 1892 2085 1960 omnesque

288 1979 494 2038 exitus
524 1984 853 2055 occupates
884 1979 1279 2053 ostendisset,
1311 1978 1509 2040 sensit
1546 1979 1613 2038 id
1654 1989 1780 2039 non
1821 1980 2086 2039 fortuite

286 2076 543 2150 factum,
576 2075 687 2135 sed
736 2084 801 2134 se
846 2080 979 2151 peti
1022 2094 1225 2152 neque
1271 2075 1391 2135 sibi
1439 2075 1678 2136 diutius
1712 2081 1909 2135 vitam
1951 2094 2087 2135 esse

287 2172 695 2231 retinendam.
781 2171 978 2240 Quam
1026 2180 1107 2229 ne
1156 2171 1363 2230 aliene
1412 2172 1671 2231 arbitrie
1720 2172 2084 2247 dimitteret,

286 2287 521 2327 memor
554 2266 963 2344 pristinarum
996 2268 1323 2343 virtutum,
1356 2278 1684 2345 venenum,
1727 2269 1896 2346 quod
1937 2288 2088 2329 sem·
2123 2288 2188 2324 20

287 2383 399 2442 per
429 2374 639 2424 secum
666 2364 893 2423 habere
920 2370 1266 2439 censuerat,
1298 2366 1583 2442 sumpsit.

226 2586 245 2621 1
366 2557 556 2617 XIII.
619 2558 719 2617 Sic
760 2557 859 2615 vir
899 2557 1304 2632 fortissimus,
1339 2557 1558 2618 multis
1600 2558 1916 2636 variisque
1956 2576 2088 2636 per-

286 2656 543 2715 functus
598 2654 934 2729 laboribus,
992 2663 1155 2713 anne
1225 2654 1540 2731 acquievit
1604 2655 2083 2732 septuagesime.

287 2752 524 2821 Quibus
554 2751 912 2810 consulibus
937 2750 1250 2809 interierit
1271 2760 1396 2810 nen
1417 2751 1724 2811 convenit.
1797 2752 2087 2829 Namque

288 2848 541 2907 Atticus
570 2849 656 2905 M.
690 2847 955 2908 Claudio
983 2847 1286 2907 Marcelle
1314 2838 1380 2917 Q.
1412 2848 1607 2907 Fabic‘)
1636 2849 1924 2909 Labeene
1953 2858 2090 2909 cen·
2123 2872 2184 2925 25

289 2944 528 3005 sulibus
557 2948 868 3002 mortuum
897 2944 967 3003 in
995 2944 1208 3003 annali
1243 2954 1354 3004 suo
1383 2950 1686 3022 scriptum
1720 2946 1992 3025 reliquit,
2023 2952 2089 3007 at

288 3039 591 3118 Polybius
634 3040 703 3099 L.
749 3039 1021 3100 Aemilie
1063 3040 1262 3101 Paule
1305 3042 1413 3103 Cn.
1461 3043 1694 3104 Baebie
1735 3044 2086 3123 Tamphile,
