2417 3534
961 312 1105 362 ΜΠ)
1114 309 1395 363 ΤΙΑΒΕΒ
1998 301 2082 362 11

273 499 458 556 aeger
494 486 629 542 erat
664 481 1045 557 vulneribus,
1082 500 1242 560 quae
1282 483 1351 541 in
1390 481 1810 560 oppugnando
1851 480 2085 559 oppide

274 583 613 656 acceperat.
727 578 953 655 Itaque
1006 597 1147 638 cum
1204 579 1340 657 ipse
1398 588 1511 656 pre
1571 587 1638 639 se
1694 579 1898 637 dicere
1955 587 2084 639 nen

200 685 235 734 6
274 680 504 751 posset,
551 674 737 735 verba
780 674 935 734 fecit
978 674 1177 734 frater
1220 675 1353 734 eius
1401 675 1779 751 Stesagoras.
1880 676 2084 737 Causa

272 771 527 846 cognita
590 771 814 849 capitis
880 771 1199 832 absolutus
1265 772 1531 849 pecunia
1595 772 1900 833 multatus
1965 778 2078 848 est,

272 885 469 945 eaque
543 867 623 927 lis
694 868 1151 946 quinquaginta
1223 869 1482 928 talentis
1559 868 1891 929 aestimata
1964 875 2077 945 est,
2149 895 2177 950 5

272 968 546 1041 quantus
595 965 664 1022 in
710 964 973 1024 classem
1030 970 1318 1041 sumptus
1374 965 1582 1026 factus
1639 971 1787 1024 erat.
1896 967 2080 1026 Hanc

271 1061 601 1138 pecuniam
644 1061 811 1139 quod
853 1061 1093 1122 solvere
1134 1061 1203 1119 in
1246 1061 1602 1138 praesentia
1644 1071 1770 1122 nen
1813 1068 2077 1139 poterat,

272 1155 345 1216 in
386 1156 597 1216 vincla
638 1156 893 1235 publica
938 1153 1254 1218 cdniectus
1303 1163 1400 1218 est
1447 1157 1660 1236 ibique
1708 1157 1875 1218 diem
1923 1159 2086 1220 obiit·

273 1263 650 1330 supremum.

209 1478 230 1514 1
352 1447 538 1508 VIII.
598 1449 725 1508 Hic
747 1454 869 1509 etsi
889 1449 1149 1508 crimine
1169 1449 1356 1509 Paris)
1379 1455 1476 1510 est
1499 1455 1840 1525 accusatus,
1865 1456 2078 1510 tamen
2119 1473 2178 1512 ic

271 1543 400 1604 alia
431 1563 620 1605 causa
650 1545 779 1604 fuit
812 1545 1248 1606 damnatienis.
1334 1547 1624 1624 Namque
1658 1546 2076 1607 Athenienses

271 1647 527 1718 propter
573 1641 897 1701 Pisistrati
944 1643 1363 1721 tyrannidem,
1415 1662 1574 1720 quae
1624 1653 1837 1720 paucis
1895 1653 2076 1704 annis

272 1743 417 1797 ante
446 1738 673 1813 fuerat,
704 1739 960 1798 nimiam
993 1740 1225 1799 civium
1260 1749 1511 1800 suerum
1546 1740 1890 1817 potentiam
1925 1740 2078 1800 exti-

206 1857 239 1894 2
271 1835 642 1895 mescebant.
743 1835 1087 1911 Miltiades,
1135 1837 1404 1896 multum
1448 1837 1516 1895 in
1559 1837 1839 1914 imperiis
1889 1837 2078 1912 magi-

272 1931 699 2010 stratibusque
753 1938 1056 2007 versatus,
1114 1942 1243 1993 nen
1303 1933 1634 1993 videbatur
1694 1951 1877 2010 posse
1939 1952 2074 1994 esse
2117 1958 2172 2013 13

270 2035 572 2105 privatus,
616 2029 985 2107 praesertim
1026 2048 1167 2089 cum
1208 2031 1658 2090 censuetudine
1703 2031 1784 2089 ad
1826 2031 2077 2108 imperii

206 2149 238 2201 3
271 2125 679 2202 cupiditatem
723 2126 893 2186 trahi
932 2126 1266 2186 videretur.
1368 2129 1535 2186 Nam
1580 2127 1649 2185 in
1691 2127 2076 2188 Chersonese

272 2232 485 2282 omnes
525 2222 668 2282 illes
710 2231 865 2300 ques
910 2221 1228 2282 habitarat
1273 2234 1466 2284 annes
1513 2230 1876 2301 perpetuam
1921 2225 2075 2284 obti-

270 2324 492 2378 nuerat
512 2319 999 2380 dominatienem
1020 2325 1450 2398 tyrannusque
1473 2321 1680 2380 fuerat
1702 2320 2072 2398 appellatuS‚

272 2416 382 2476 sed
412 2415 631 2476 iustus.
716 2417 861 2475 Neu
900 2422 1035 2476 erat
1070 2417 1240 2475 enim
1276 2426 1342 2475 vi
1379 2423 1761 2490 censecfitUS,
1795 2419 1904 2478 sed
1943 2427 2077 2478 suo-
2112 2442 2176 2478 20

272 2531 409 2571 rum
443 2512 783 2587 voluntate,
819 2531 1079 2589 eamque
1117 2518 1494 2589 potestatem
1530 2514 1811 2573 bonitate
1853 2515 2076 2573 retine-

271 2609 392 2668 bat.
465 2608 695 2670 Omnes
719 2614 927 2668 autem
955 2615 1019 2668 et
1046 2609 1342 2668 dicuntur
1371 2615 1435 2668 et
1461 2609 1771 2668 habentur
1799 2616 2072 2688 tyranni,

272 2714 381 2782 qui
428 2710 737 2782 potestate
787 2710 933 2766 sunt
986 2711 1289 2782 perpetua
1341 2706 1409 2764 in
1463 2715 1537 2765 ea
1590 2706 1864 2781 civitate,
1917 2725 2074 2784 quae

209 2827 243 2876 4
272 2802 559 2862 libertate
586 2811 702 2862 sisa
728 2807 841 2862 est.
924 2802 1047 2861 Sed
1075 2802 1141 2859 in
1171 2802 1461 2861 Miltiade
1490 2807 1625 2863 erat
1659 2821 1799 2861 cum
1835 2823 2077 2864 summa

272 2898 629 2958 humanitas
684 2903 821 2957 tum
876 2907 1037 2957 mira
1088 2899 1520 2974 communitas,
1577 2904 1650 2959 ut
1703 2909 1888 2960 neme
1943 2907 2073 2960 tam
2112 2923 2172 2978 25

272 2994 527 3056 humilis
550 3000 732 3069 esset,
756 2994 857 3054 cui
879 3003 1004 3055 nen
1026 2995 1107 3053 ad
1128 3013 1271 3054 eum
1293 2996 1502 3055 aditus
1531 3001 1804 3072 pateret3
1850 3006 2076 3072 magna

273 3092 609 3153 aucteritas
638 3092 805 3171 apud
832 3101 1045 3152 omnes
1080 3091 1389 3170 civitateS,
1419 3092 1626 3154 nebile
1660 3101 1905 3168 nemen,
1936 3094 2074 3152 laus
