2417 3534
372 325 412 389 8
897 340 1274 391 CORNELII
1312 343 1654 394 NEPOTIS

368 509 477 568 des
525 509 794 569 maxime
843 511 1160 570 nitebatur
1207 517 1282 570 ut
1334 521 1537 589 primo
1592 521 1839 588 queque
1893 516 2176 588 tempore

367 610 573 664 castra
614 605 867 666 fierent:
931 607 996 666 id.
1041 616 1097 666 si
1141 607 1382 667 factum
1427 613 1609 682 esset,
1655 613 1718 666 et
1751 607 2002 667 civibus
2047 607 2178 666 ani-

366 721 538 760 mum
586 713 993 778 accessurum,
1038 723 1179 762 cum
1222 704 1510 763 viderent
1556 704 1634 763 de
1683 713 1894 763 eerum
1940 703 2176 763 virtute

366 807 492 857 nen
534 799 869 876 desperari,
914 805 977 858 et
1018 799 1232 860 hostes
1282 801 1497 860 eadem
1548 811 1615 860 re
1662 801 1799 860 fore
1847 801 2173 875 tardiereS,

368 904 425 954 si
458 895 1026 955 animadverterent
1064 897 1282 956 auderi
1321 898 1618 958 adversus
1658 907 1724 958 se
1762 903 1891 957 tam
1931 897 2176 973 exiguis
2250 919 2281 973 5

367 991 563 1069 copiis
594 991 898 1051 dimicari.

450 1236 475 1294 5
497 1237 559 1282 V.
603 1237 877 1283 Miltiades’
896 1238 1075 1284 advice
1096 1239 1140 1284 is
1161 1239 1400 1296 adopted.
1451 1239 1559 1285 The
1580 1238 1751 1286 Greek
1773 1251 1921 1296 army
1941 1237 2176 1284 marches

366 1315 423 1357 to
451 1312 742 1367 Marathon,
765 1311 920 1358 offers
947 1312 1111 1358 battle
1143 1317 1199 1358 to
1227 1314 1314 1359 the
1345 1313 1599 1368 Persians,
1623 1313 1725 1358 and
1753 1313 1924 1358 drives
1952 1312 2089 1356 them
2121 1315 2176 1356 to

366 1385 503 1432 their
522 1386 679 1444 ships.

450 1488 474 1546 ξ
496 1490 582 1535 VI.
627 1489 710 1534 All
726 1494 889 1536 states
908 1502 997 1536 are
1017 1489 1170 1536 alike.
1218 1489 1379 1535 When
1403 1501 1528 1546 poor
1543 1489 1644 1535 and
1660 1489 1826 1545 weak,
1844 1490 1931 1535 the
1952 1489 2177 1534 honours

368 1565 493 1623 they
514 1565 709 1611 bestow
734 1577 823 1610 are
850 1577 966 1611 rare
994 1564 1096 1610 and
1123 1564 1304 1622 highly
1328 1563 1542 1620 valued3
1574 1565 1722 1610 when
1751 1565 1874 1621 they
1898 1577 2038 1621 grow
2066 1563 2177 1609 rich

368 1639 470 1684 and
490 1639 756 1697 power-ful,
776 1640 899 1697 they
915 1643 1104 1684 scatter
1121 1638 1257 1684 their
1272 1639 1438 1696 prizes
1458 1638 1672 1697 widely3
1701 1639 1796 1684 but
1817 1639 2011 1696 though
2031 1638 2176 1685 these

368 1713 500 1759 have
520 1718 723 1772 greater
743 1718 869 1769 eost,
894 1714 1017 1771 they
1038 1714 1169 1758 have
1189 1712 1292 1759 less
1310 1713 1494 1758 worth.

308 1886 328 1922 1
447 1859 522 1918 V.
581 1859 721 1918 Hoc
765 1858 832 1916 in
874 1863 1155 1934 tempore
1196 1857 1375 1917 nulla
1414 1858 1638 1918 civitas
1682 1856 2174 1917 Atheniensibus

369 1954 604 2014 auxilio
649 1954 776 2013 fuit
821 1960 1070 2031 praeter
1113 1954 1532 2014 Plataeenses.
1637 1956 1732 2013 Ea
1778 1953 1952 2012 mille
2000 1953 2175 2014 misit

368 2051 659 2110 militum.
736 2051 961 2128 Itaque
981 2051 1204 2110 horum
1235 2051 1508 2110 adventu
1537 2051 1751 2110 decem
1779 2050 1958 2109 milia
1985 2059 2176 2109 arma-

368 2153 575 2207 torum
604 2147 914 2224 completa
942 2153 1109 2222 sunt,
1133 2166 1294 2224 quae
1321 2167 1542 2208 manus
1573 2147 1846 2206 mirabili
1874 2147 2174 2224 flagrabat
2213 2171 2278 2208 10

304 2276 335 2311 2
369 2245 692 2322 pugnandi
721 2244 1081 2320 eupiditate.
1164 2245 1298 2314 Que
1326 2244 1563 2303 factum
1593 2249 1691 2303 est
1717 2249 1790 2302 ut
1817 2243 1958 2320 plus
1988 2261 2170 2320 quam

370 2341 643 2416 collegae
689 2341 1011 2400 Miltiades
1056 2340 1310 2400 valeret.
1416 2329 1570 2400 Eius
1616 2350 1762 2416 erge
1807 2340 2172 2400 aucteritete

368 2438 628 2516 impulsi
657 2437 1075 2497 Athenienses
1109 2437 1319 2514 cepias
1348 2455 1427 2496 ex
1451 2437 1604 2496 urbe
1639 2438 1988 2497 eduxerunt
2021 2436 2173 2496 loeo—

306 2561 335 2611 3
372 2553 491 2612 que
529 2535 752 2594 idonee
789 2540 996 2593 castra
1031 2534 1331 2593 fecerunt.
1424 2534 1589 2593 Dein
1627 2539 1874 2610 postere
1917 2533 2018 2592 die
2061 2533 2172 2594 sub

371 2633 601 2692 mentis
646 2631 957 2691 radicibus
1002 2631 1137 2690 acie
1180 2630 1430 2706 regiene
1479 2635 1787 2690 instructa
1833 2639 1959 2690 nen
2007 2648 2172 2707 aper·
2210 2655 2265 2709 15

369 2728 617 2788 tissime,
660 2729 952 2807 (namque
995 2727 1242 2788 arbores
1288 2727 1506 2787 multis
1552 2727 1703 2786 locis
1749 2733 1926 2786 erant
1969 2729 2166 2808 rarae)

372 2825 675 2903 proelium
710 2830 1153 2886 commiserunt
1189 2824 1309 2884 hec
1346 2823 1622 2899 censilie,
1658 2828 1731 2882 ut
1768 2829 1833 2883 et
1869 2824 2170 2883 mentium

372 2921 707 2982 altitudine
751 2926 1111 2995 tegerentur
1155 2927 1221 2981 et
1267 2921 1556 2981 arborum
1603 2925 1811 2980 tractu
1859 2920 2168 2997 equitatus

372 3019 646 3078 hostium
687 3018 1111 3095 impediretur,
1151 3028 1232 3077 ne
1269 3017 1678 3077 multitudine
1720 3018 2164 3076 clauderentur.

310 3135 343 3180 4
372 3117 555 3176 Datis
601 3122 722 3176 etsi
761 3125 888 3175 nen
930 3133 1195 3192 aequum
1239 3115 1441 3174 locum
1481 3114 1737 3174 videbat
1777 3123 1926 3188 suis,
1966 3118 2167 3173 tamen
2203 3135 2266 3172 20
