2417 3534
390 293 475 358 36
918 310 1297 362 CORNELII
1336 311 1553 362 11111·Ρο
1561 312 1677 363 Tzs

470 477 495 536 ᾗ
518 478 629 526 VH.
673 479 978 528 Alcibiades’
1002 482 1133 540 good
1154 482 1362 530 fortune
1391 483 1435 530 is
1461 483 1778 532 short-lived.
1837 483 1942 530 Not
1967 484 2202 532 succeed-

390 554 479 612 ing
498 553 551 599 in
572 567 604 600 a
624 554 854 614 military
875 561 1089 603 venture
1118 557 1171 603 in
1194 557 1318 604 Asia
1339 557 1522 616 Minor,
1546 560 1610 606 he
1637 559 1682 606 is
1709 559 1928 618 deposed
1955 559 2088 606 from
2116 560 2200 607 his

389 629 676 686 command,
700 631 801 676 and
824 631 1003 678 retires
1025 636 1079 678 to
1100 631 1311 679 Thrace.

470 749 495 808 ξ
520 749 654 796 VIII.
698 750 840 797 Even
862 755 950 810 yet
970 751 1035 797 he
1056 751 1223 800 shows
1244 751 1324 799 his
1345 752 1630 812 friendship
1649 753 1732 799 ior
1747 753 1942 800 Athens
1962 754 2031 812 by
2047 752 2199 800 offer·

390 827 479 884 ing
498 830 551 872 to
572 826 717 872 drive
738 825 813 872 off
833 839 891 872 or
914 826 1065 884 bring
1085 830 1139 873 to
1163 831 1322 873 terms
1345 827 1624 886 Lysander,
1647 827 1762 874 who
1793 828 1838 874 is
1870 827 2198 888 threatening

391 901 476 946 the
495 900 751 947 Athenian
768 899 889 947 fleet
910 906 965 947 at
988 901 1364 959 Aegospotami.
1415 901 1656 960 Through
1676 901 1764 948 the
1783 901 2018 961 jealousy
2033 903 2086 948 oi
2107 903 2197 949 the

392 975 646 1022 Athenian
678 975 887 1034 general
918 975 999 1021 his
1030 975 1163 1022 offer
1194 976 1238 1022 is
1271 976 1490 1022 refused.
1567 976 1859 1024 Alcibiades
1888 989 2057 1025 warns
2087 977 2196 1024 him

390 1052 505 1096 that
525 1051 605 1096 his
625 1062 773 1110 camp
792 1050 837 1097 is
858 1054 949 1096 not
970 1051 1079 1097 saie
1101 1050 1228 1098 with
1248 1051 1512 1109 Lysander
1538 1063 1594 1098 so
1625 1063 1766 1104 near,
1797 1051 1897 1098 and
1930 1052 1994 1097 he
2026 1051 2071 1098 is
2103 1056 2196 1098 not

390 1125 675 1182 mistaken3
708 1125 789 1171 ior
819 1125 1082 1184 presently
1113 1124 1377 1182 Lysander
1408 1130 1643 1183 captures
1675 1126 1761 1172 the
1789 1124 1909 1173 fleet
1928 1126 2076 1174 when
2107 1126 2194 1173 the

390 1199 675 1246 Athenians
698 1212 785 1245 are
807 1197 881 1245 off
900 1199 1036 1246 their
1056 1199 1238 1258 guard.

470 1355 617 1415 VII.
676 1354 851 1414 Haec
880 1354 1198 1415 Alcibiadi
1227 1354 1474 1415 laetitia
1499 1364 1627 1416 nen
1663 1354 1852 1415 nimis
1895 1354 2022 1414 fuit
2063 1354 2196 1414 (111·1-

390 1457 591 1511 turna.
675 1451 842 1512 Nam
886 1470 1026 1510 cum
1076 1461 1136 1512 ei
1174 1461 1388 1512 omnes
1427 1456 1639 1512 essent
1666 1451 1929 1511 honeres
1959 1451 2197 1511 decreti

391 1554 647 1626 tetaque
677 1557 773 1608 res
803 1547 1055 1626 publica
1098 1549 1267 1607 domi
1307 1548 1582 1626 bellique
1624 1547 1875 1623 tradita,
1905 1553 1977 1607 ut
2003 1556 2194 1609 unius

392 1644 649 1705 arbitrie
696 1652 1029 1720 gereretur,
1074 1650 1137 1704 et
1182 1644 1318 1723 ipse
1365 1645 1744 1722 postulasset
1791 1650 1864 1704 ut
1907 1644 2032 1703 duo
2073 1643 2198 1705 sibi

391 1741 663 1817 collegae
692 1741 1003 1817 darentur,
1025 1741 1456 1820 Thrasybulus
1489 1748 1552 1800 et
1572 1740 1972 1816 Adimantus,
1991 1759 2196 1818 neque

391 1838 460 1898 id
499 1844 792 1914 negatum
838 1843 1019 1913 esset,
1052 1838 1250 1899 classe
1297 1838 1364 1898 111
1394 1837 1613 1899 Asiam
1655 1839 1994 1916 profectuS,
2027 1839 2198 1916 quod

392 1935 561 2012 apud
608 1935 846 2012 Cymen
894 1934 1100 1995 minus
1145 1952 1224 1994 ex
1271 1935 1586 1996 sententia
1629 1954 1759 1995 rem
1802 1941 2096 2012 gesserat,
2128 1936 2198 1996 111

392 2031 694 2090 invidiam
724 2031 981 2091 recidit:
1028 2031 1191 2090 nihil
1221 2032 1386 2092 enim
1417 2051 1557 2092 eum
1586 2042 1713 2092 nen
1740 2031 1977 2093 efficere
2009 2051 2197 2110 posse

325 2153 356 2191 2
392 2128 714 2188 ducebant.
800 2129 899 2186 Ex
928 2137 1052 2205 que
1081 2128 1280 2188 fiebat
1306 2136 1380 2189 ut
1409 2128 1616 2190 omnia
1651 2129 1858 2190 minus
1896 2138 2198 2208 prespere

391 2232 567 2302 gesta
614 2223 832 2303 culpae
877 2225 1241 2301 tribuerent,
1273 2244 1412 2285 cum
1457 2233 1567 2286 aut
1609 2244 1749 2287 eum
1791 2226 2197 2302 neglegenter

391 2329 499 2382 aut
529 2321 838 2382 malitiose
868 2321 1094 2383 fecisse
1124 2322 1542 2400 loquerentur,
1576 2328 1738 2384 sicut
1764 2328 1900 2383 tum
1929 2323 2193 2402 accidit3

389 2437 534 2478 nam
563 2425 919 2496 corruptum
949 2428 987 2480 a
1014 2429 1155 2496 rege
1186 2437 1405 2497 capere
1435 2421 1674 2498 Cymen
1707 2419 1983 2481 neluisse
2019 2438 2200 2496 argu-

324 2543 355 2596 3
391 2516 591 2575 ebant.
679 2516 901 2593 Itaque
945 2516 1091 2576 huic
1139 2516 1410 2576 maxime
1453 2521 1745 2594 putamus
1789 2516 1955 2578 male
1992 2516 2198 2578 fuisse

388 2613 644 2672 nimiam
690 2613 1047 2690 opinienem
1090 2613 1331 2688 ingenii
1371 2618 1562 2691 atque
1599 2613 1892 2690 virtuti83
1936 2613 2199 2675 timeba-

388 2715 491 2769 tur
521 2710 687 2769 enim
727 2719 854 2769 nen
899 2710 1105 2770 minus
1144 2728 1332 2787 quam
1371 2709 1766 2786 diligebatur,
1798 2719 1877 2770 ne
1921 2711 2198 2772 secunda

388 2805 645 2866 fertuna
685 2815 1051 2884 magnisque
1094 2806 1316 2885 opibus
1363 2805 1564 2867 elatus
1607 2806 2007 2886 tyrannidem
2055 2825 2199 2867 con-

388 2909 749 2980 cupisceret.
836 2902 1073 2972 Quibus
1131 2902 1316 2962 rebus
1373 2902 1612 2962 factum
1669 2907 1766 2964 est
1819 2908 1892 2962 ut
1947 2902 2197 2964 absenti

390 3000 826 3074 magistratum
855 2999 1225 3072 abrogarent
1248 3005 1310 3058 et
1338 2998 1532 3058 alium
1561 2999 1630 3058 in
1659 2998 1791 3060 eius
1820 2998 2020 3060 locum
2057 3001 2198 3061 sub-

391 3095 739 3157 stituerent.
826 3093 906 3152 Id
950 3093 1059 3154 ille
1102 3100 1173 3154 ut
1217 3094 1477 3171 audivit,
1526 3094 1778 3156 domum
1821 3102 2056 3156 reverti
2092 3105 2198 3157 ne-

2238 2250 2298 2287 10

2238 2730 2292 2784 ¹5
