2417 3534
868 308 1456 361 EPAMINONDAS
1976 293 2062 357 49

258 480 372 540 sed
416 478 678 557 saepius.
765 480 1043 540 Maxime
1088 486 1297 541 autem
1338 481 1467 540 fuit
1507 480 1772 555 illustre,
1813 497 1953 537 cum
1994 477 2065 537 in

257 575 760 654 Peloponnesum
806 578 1147 637 exercitum
1196 577 1482 638 duxisset
1526 577 1829 636 adversus
1878 576 2063 634 Lace-

258 672 619 733 daemonies
652 673 1035 752 haberetque
1075 674 1346 749 collegas
1389 674 1563 748 dues,
1595 682 1859 751 querum
1901 672 2062 732 alter

256 776 395 829 erat
422 770 775 847 Pelopidas,
807 771 905 829 vir
931 771 1117 831 fortis
1146 790 1218 831 ac
1249 777 1554 831 strenuus.
1642 772 1735 829 Hi
1775 788 1917 829 cum
1951 779 2062 828 cri-

256 867 537 927 minibus
559 868 1053 927 adversarierum
1075 878 1290 927 omnes
1317 868 1385 926 in
1413 867 1718 928 invidiam
1739 866 2062 926 venissent
2131 887 2157 938 5

256 964 337 1023 ob
367 982 624 1041 eamque
652 982 783 1023 rem
812 964 1145 1041 imperium
1174 964 1254 1025 iis
1283 970 1448 1025 esset
1476 966 1839 1039 abrogatum
1873 969 2060 1040 atque

187 1093 223 1140 4
257 1060 327 1119 in
359 1070 570 1120 eorum
599 1060 803 1119 locum
832 1060 944 1120 alii
971 1068 1290 1139 praeteres
1321 1061 1783 1135 successissent,
1814 1061 2062 1136 Epami-

256 1157 497 1217 nendas
526 1157 745 1235 populi
774 1163 931 1217 scite
960 1168 1083 1217 nen
1114 1157 1325 1235 paruit
1353 1158 1641 1235 idemque
1672 1164 1742 1216 ut
1779 1157 2061 1215 facerent

258 1254 571 1331 persuasit
597 1254 853 1329 collegis
884 1260 947 1314 et
976 1255 1209 1314 bellum
1240 1255 1408 1331 quod
1444 1258 1802 1331 susceperat
1845 1253 2056 1328 gessit.

256 1351 549 1427 Namque
604 1350 1158 1425 animadvertebat,
1216 1350 1341 1411 nisi
1405 1350 1474 1409 id
1525 1351 1798 1425 fecisset,
1856 1356 2059 1409 tetum
2101 1370 2160 1405 10

257 1447 601 1507 exercitum
644 1454 899 1525 propter
940 1455 1296 1525 praeterum
1345 1448 1834 1525 imprudentiam
1882 1456 2062 1507 insci-

191 1571 219 1623 5
256 1544 536 1621 tiamque
585 1543 737 1603 belli
784 1545 1146 1622 periturum.
1235 1545 1369 1603 Lex
1417 1550 1550 1603 erat
1598 1544 1849 1617 Thebis,
1900 1561 2060 1620 quae

256 1647 457 1700 morte
485 1641 810 1715 multabat,
843 1650 898 1701 si
939 1641 1081 1718 quis
1120 1641 1448 1717 imperium
1492 1638 1732 1699 diutius
1774 1638 2062 1699 retinuis-

259 1742 373 1811 set,
421 1756 606 1813 quam
664 1738 800 1812 lege
854 1738 1264 1815 praefinitum
1320 1737 1500 1796 foret.
1587 1736 1770 1795 Hanc
1814 1737 2062 1811 Epami-

256 1834 499 1893 nendas
528 1853 669 1893 cum
698 1844 790 1893 rei
817 1833 1105 1911 publicae
1136 1820 1598 1894 conservandae
1639 1841 1827 1893 causa
1868 1832 2060 1891 latam
2102 1852 2156 1906 15

256 1931 521 2005 videret,
571 1932 652 1991 ad
700 1931 1038 2008 perniciem
1094 1930 1376 1990 civitatis
1433 1930 1704 1989 cenferri
1752 1928 1956 1989 neluit
1998 1935 2061 1989 et

258 2033 555 2105 quattuor
595 2028 911 2087 mensibus
955 2024 1192 2087 diutius
1237 2045 1423 2104 quam
1478 2026 1745 2103 populus
1793 2026 2062 2086 iusserat

260 2123 457 2199 gessit
498 2123 845 2201 imperium.

200 2348 221 2383 ι
341 2316 527 2377 VIII.
587 2318 926 2395 Postquam
984 2318 1236 2377 domum
1292 2316 1565 2376 reditum
1620 2321 1734 2390 est,
1792 2312 2064 2390 collegae

261 2414 397 2473 eius
426 2413 543 2473 hec
572 2414 829 2473 crimine
859 2413 1325 2474 accusabantur.
1411 2412 1648 2483 Quibus
1690 2412 1800 2470 ille
1842 2421 2064 2488 permi-
2101 2433 2164 2469 20

260 2510 364 2585 sit,
410 2513 483 2568 ut
537 2528 783 2569 omnem
832 2528 1081 2570 causam
1129 2510 1198 2568 111
1249 2518 1315 2569 se
1362 2509 1780 2570 transferrent
1829 2516 2064 2584 suaque

260 2615 451 2684 opera
492 2606 731 2665 factum
766 2607 1230 2680 contenderent,
1261 2610 1334 2665 ut
1367 2604 1493 2680 legi
1520 2614 1644 2665 nen
1683 2604 2060 2663 oboedirent.

260 2704 399 2773 Qua
427 2702 788 2762 defensiene
817 2701 947 2762 illis
977 2702 1253 2779 periculo
1283 2701 1566 2761 liberatis
1599 2709 1782 2760 neme
1818 2701 2068 2777 Epami-

260 2799 534 2859 nendam
590 2808 1032 2876 responsurum
1088 2798 1368 2875 putabat,
1418 2798 1584 2874 quod
1632 2796 1784 2875 quid
1831 2798 2068 2857 diceret

196 2922 227 2959 2
261 2915 390 2956 non
416 2895 691 2955 haberet.
778 2896 867 2954 At
888 2894 996 2954 1116
1024 2894 1093 2953 111
1119 2893 1426 2953 iudicium
1447 2893 1641 2969 venit,
1661 2894 1823 2952 nihil
1853 2904 2066 2954 cerum
2103 2917 2162 2969 25

262 2992 518 3067 negavit
561 3010 721 3069 quae
769 2990 1112 3051 adversarii
1156 2989 1405 3050 crimini
1449 2991 1699 3066 dabant,
1735 2991 2066 3067 omniaque

264 3108 425 3167 quae
454 3087 725 3164 collegae
755 3088 1046 3148 dixerant
1081 3087 1405 3148 cenfessus
1448 3092 1544 3147 est
1586 3106 1787 3170 neque
1830 3094 2068 3145 recusa-

558 3200 593 3235 Ε
