2417 3534
897 310 1382 364 ALCIBIADES
1961 299 2045 364 35

314 483 427 546 VI.
485 483 609 543 His
637 501 780 542 cum
809 481 1058 543 obviam
1084 482 1383 544 universa
1408 482 1633 543 civitas
1662 482 1728 542 in
1750 484 2045 543 Piraeum

232 579 682 655 descendisset,
711 584 894 640 tanta
921 579 1049 640 fuit
1077 579 1355 638 omnium
1386 579 1773 657 exspectatio
1801 580 2049 640 visendi

232 676 603 752 Alcibiadis,
641 681 715 737 ut
756 677 837 736 ad
879 675 1012 736 eius
1054 676 1375 736 triremem
1416 675 1644 751 vulgus
1689 675 2044 752 conflueret,

163 799 196 834 2
232 773 498 852 proinde
542 791 612 833 ac
659 782 716 833 si
759 772 929 833 solus
975 771 1352 832 advenisset.
1458 771 1561 832 Sic
1604 771 1770 832 enim
1814 773 2048 850 populo

234 876 373 932 erat
393 879 776 948 persuasum,
801 873 865 929 et
893 869 1187 930 adversas
1218 868 1568 947 superiores
1597 873 1660 928 et
1688 876 2047 946 praesentes

235 967 542 1028 secundas
575 975 674 1026 res
711 964 1012 1026 accidisse
1051 965 1185 1026 eius
1228 975 1432 1043 opera.
1518 965 1744 1043 Itaque
1782 970 1845 1026 et
1882 985 2049 1026 exer-

234 1064 434 1124 citum
465 1063 535 1122 in
571 1062 788 1122 Sicilia
821 1071 1122 1122 amissum
1160 1067 1224 1122 et
1260 1062 1892 1122 Lacedaemoniorum
1927 1073 2049 1122 vic-

233 1161 430 1222 torias
469 1159 687 1238 culpae
727 1177 874 1220 suae
911 1159 1289 1236 tribuebant,
1330 1159 1499 1237 quod
1534 1159 1727 1220 talem
1764 1159 1971 1219 virum
2015 1169 2048 1220 e

235 1257 493 1318 civitate
522 1256 932 1334 expulissent.
1016 1256 1242 1334 Neque
1269 1256 1339 1315 id
1366 1255 1502 1316 sine
1536 1266 1724 1317 causa
1756 1256 2049 1317 arbitrari

233 1354 626 1415 videbantur.
711 1353 880 1414 Nam
907 1358 1243 1431 postquam
1273 1352 1576 1414 exercitui
1603 1372 1887 1431 praeesse
1921 1372 2051 1414 coe-

235 1457 436 1530 perat,
479 1469 684 1528 neque
733 1455 902 1510 terra
948 1467 1154 1528 neque
1199 1459 1362 1510 mari
1407 1449 1621 1512 hostes
1676 1461 1857 1528 pares
1913 1469 2049 1512 esse

167 1572 198 1624 3
236 1553 586 1627 potuerant.
672 1546 800 1608 Hic
833 1553 906 1606 ut
945 1557 978 1606 e
1014 1556 1164 1606 navi
1203 1556 1487 1622 egressus
1527 1552 1640 1622 est,
1672 1565 2049 1626 quamquam

235 1646 658 1708 Theramenes
702 1650 766 1705 et
803 1644 1237 1723 Thrasybulus
1276 1644 1511 1704 eisdem
1548 1645 1732 1704 rebus
1771 1645 2051 1722 praefue-

237 1749 384 1803 rant
427 1742 740 1820 simulque
782 1746 1087 1801 venerant
1131 1740 1199 1800 in
1243 1742 1555 1817 Piraeum,
1599 1747 1811 1801 tamen
1854 1751 2049 1802 finum

238 1849 454 1902 omnes
487 1839 669 1899 illum
703 1839 1258 1917 prosequebantur,
1288 1843 1369 1914 et,
1400 1838 1469 1898 id
1503 1839 1671 1916 quod
1707 1857 2049 1916 numquam

237 1941 427 1998 antea
457 1945 578 1997 sisu
603 1941 864 1996 venerat
895 1934 1021 1995 nisi
1057 1934 1387 2014 Olympiae
1417 1934 1775 2011 victoribuS,
1806 1945 2049 1998 coronis

237 2033 472 2094 laureis
501 2032 854 2110 taeniisque
881 2032 1072 2107 vulgo
1106 2032 1473 2092 donabatur.
1559 2031 1681 2092 Ille
1715 2031 2049 2094 lacrimans

237 2129 433 2192 talem
469 2128 968 2192 benevolentiam
1007 2128 1239 2188 civium
1278 2137 1530 2190 suorum
1564 2128 1927 2207 accipiebat,
1962 2148 2051 2190 re-

167 2256 202 2304 4
238 2227 576 2288 miniscens
605 2226 861 2304 pristini
888 2225 1186 2304 temporis
1217 2225 1635 2286 acerbitatem.
1704 2227 2050 2304 Postquam

237 2324 308 2384 in
345 2329 490 2385 astu
515 2322 709 2398 venit,
745 2322 1034 2383 contione
1074 2322 1379 2382 advocata
1418 2330 1505 2382 sic
1540 2322 1731 2382 verba
1772 2321 1943 2398 fecit,
1980 2329 2051 2383 ut

238 2429 424 2482 nemo
459 2425 594 2482 tam
629 2421 802 2480 ferus
841 2419 1038 2480 fuerit
1077 2428 1232 2496 qu'm
1269 2419 1403 2478 eius
1441 2427 1617 2479 casui
1656 2418 2051 2480 illacrimarit

236 2518 688 2595 inimicumque
715 2516 796 2577 iis
831 2525 898 2577 se
932 2515 1293 2591 ostenderit,
1327 2524 1588 2593 quorum
1622 2525 1810 2593 opera
1842 2517 2051 2594 patria

237 2614 462 2694 pulsus
499 2614 725 2690 fuerat,
755 2613 1016 2692 proinde
1055 2630 1126 2673 ac
1165 2621 1221 2674 si
1259 2611 1420 2674 alius
1458 2612 1747 2691 populus,
1777 2621 1903 2673 non
1940 2613 2049 2674 ille

173 2739 200 2793 5
237 2712 377 2790 ipse
407 2720 517 2789 qui
543 2715 680 2770 tum
711 2709 918 2786 flebat,
949 2728 1090 2770 eum
1127 2708 1440 2785 sacrilegii
1473 2709 1847 2770 damnasset.
1933 2711 2052 2772 Re-

239 2808 470 2870 stituta
505 2816 650 2884 ergo
691 2806 838 2866 huic
881 2810 1028 2868 sunt
1070 2805 1319 2883 publice
1361 2806 1539 2881 bona,
1580 2807 1909 2885 eidemque
1951 2807 2051 2867 illi

237 2904 653 2984 Eumolpidae
683 2903 1032 2966 sacerdotes
1064 2913 1278 2964 rursus
1308 2912 1619 2964 resacrare
1650 2909 1798 2964 sunt
1832 2910 2047 2981 coacti,

239 3011 354 3081 qui
381 3020 523 3062 eum
558 3002 954 3076 devoverant,
983 2999 1277 3078 pilaeque
1312 2998 1477 3075 illae,
1508 2999 1575 3058 in
1612 3000 1836 3078 quibus
1871 3001 2052 3062 devo-

239 3100 334 3160 tio
361 3099 572 3160 fuerat
599 3101 850 3177 scripta,
878 3097 948 3156 in
973 3115 1144 3156 mare
1173 3095 1638 3174 praecipitatae.

2090 1375 2150 1412 10

2091 1860 2147 1914 ยน5

2088 2347 2150 2383 20

2088 2831 2148 2885 25
