2417 3534
875 302 1463 356 EPAMINONDAS
1986 289 2071 354 43

202 503 223 539 1
349 475 436 534 II.
495 475 702 535 Natus
746 475 938 550 igitur
980 480 1158 552 patre
1201 484 1325 552 que
1368 475 1663 549 diximus,
1705 492 1928 550 genere
1970 474 2074 533 ho-

268 578 465 647 neste,
496 591 730 649 pauper
758 572 883 631 iam
913 581 952 632 a
988 572 1328 633 maioribus
1358 572 1615 632 relictus
1644 578 1758 648 est,
1791 572 2071 632 eruditus

269 675 478 729 autem
507 678 596 729 sic
625 674 699 727 ut
726 677 908 728 nemo
937 669 1271 728 Thebanus
1301 669 1516 744 magis.
1601 670 1768 728 Nam
1790 674 1855 728 et
1882 668 2075 728 citha-

269 775 466 824 rizare
493 771 559 826 et
585 771 837 825 cantare
867 766 948 825 ad
975 765 1349 825 chordarum
1386 785 1607 825 sonum
1644 766 1865 825 doctus
1900 771 1997 826 est
2038 775 2076 825 a

269 862 594 940 Dionysio,
646 871 756 938 qui
809 871 933 922 nen
987 862 1229 922 minere
1285 862 1412 922 fuit
1460 862 1528 921 in
1576 862 1831 922 musicis
1878 860 2077 938 gloria
2144 884 2171 938 5

269 978 458 1036 quam
513 960 762 1019 Damon
817 966 926 1019 aut
985 959 1316 1036 Lamprus,
1374 969 1638 1036 querum
1708 957 2077 1035 pervulgata

271 1061 421 1116 sunt
446 1055 717 1130 nemina,
745 1062 998 1116 cantare
1027 1056 1204 1116 tibiis
1237 1056 1314 1115 ab
1348 1055 1813 1134 Olympiodere,
1844 1055 2075 1115 saltare

202 1180 234 1216 2
271 1161 310 1213 a
338 1152 757 1229 Calliphrene.
842 1153 932 1212 At
979 1152 1418 1230 philosophiae
1467 1159 1930 1230 praeceptorem
1973 1152 2077 1211 ha-

272 1248 410 1310 buit
437 1249 656 1327 Lysim
686 1251 1114 1324 Tarentinum,
1144 1249 1646 1328 Pythagoreum3
1692 1249 1792 1308 cui
1822 1248 2075 1325 quidem

271 1356 362 1408 sic
405 1345 532 1405 fuit
579 1345 831 1407 deditus
876 1351 948 1406 ut
994 1346 1365 1406 adulescens
1403 1351 1651 1406 tristem
1690 1355 1761 1406 ac
1790 1355 2074 1406 severum
2119 1367 2177 1402 10

269 1461 485 1504 senem
539 1442 826 1503 omnibus
882 1442 1249 1521 aequalibus
1304 1452 1435 1503 suis
1505 1443 1572 1502 in
1640 1441 2076 1502 familiaritate

271 1539 732 1616 anteposuerit3
776 1558 977 1617 neque
1017 1540 1194 1618 prius
1239 1557 1380 1598 eum
1422 1549 1461 1599 a
1502 1549 1568 1599 se
1598 1539 1858 1613 dimisit,
1890 1557 2072 1616 quam

270 1637 342 1696 in
370 1637 670 1697 doctrinis
699 1641 879 1696 tanto
908 1636 1248 1696 antecessit
1272 1634 1752 1713 condiscipulas,
1782 1642 1855 1695 ut
1886 1634 2076 1694 facile

271 1733 560 1810 intellegi
603 1739 814 1811 posset
857 1743 996 1811 pari
1034 1734 1218 1794 modo
1268 1739 1705 1811 superatarum
1754 1742 1965 1793 omnes
2010 1732 2079 1791 in

205 1855 238 1906 3
273 1837 498 1893 ceteris
528 1831 784 1892 artibus.
869 1832 1082 1908 Atque
1114 1832 1268 1890 haec
1312 1831 1393 1890 ad
1432 1835 1712 1890 nostram
1754 1835 2079 1890 consuetu·
2119 1849 2173 1903 15

273 1929 484 1988 dinem
541 1934 687 1989 sunt
743 1928 908 1988 levia
962 1934 1026 1988 et
1081 1927 1291 2005 potius
1346 1927 1831 2002 contemnenda3
1890 1932 1955 1986 at
2010 1926 2077 1984 in

203 2055 240 2102 4
275 2025 559 2099 Graecia,
603 2025 822 2102 utique
871 2025 1040 2099 elim,
1090 2034 1353 2100 magnae
1401 2023 1576 2083 laudi
1626 2029 1818 2083 erant.
1904 2025 2079 2083 Post—

275 2141 464 2200 quam
494 2122 768 2199 ephebus
799 2127 895 2182 est
922 2122 1130 2180 factus
1158 2127 1224 2180 et
1255 2119 1599 2198 palaestrae
1636 2121 1782 2179 dare
1826 2123 2078 2197 operam

273 2219 499 2296 coepit,
529 2229 655 2279 nen
699 2224 829 2278 tam
871 2217 1294 2293 magnitudini
1321 2216 1551 2276 virium
1594 2217 1857 2276 servivit
1892 2235 2080 2294 quam

273 2316 628 2392 velecitati3
674 2315 851 2376 illam
895 2315 1063 2374 enim
1112 2315 1193 2375 ad
1242 2315 1627 2374 athletarum
1670 2324 1871 2388 slsum,
1918 2313 2079 2373 hanc
2118 2333 2182 2369 20

209 2441 237 2496 5
276 2414 360 2474 ad
406 2412 558 2472 belli
605 2412 1006 2473 existimabat
1049 2412 1395 2471 utilitatem
1439 2410 1767 2488 pertinere.
1854 2411 2079 2488 Itaque

276 2509 681 2570 exercebatur
707 2509 1049 2586 plurimum
1082 2509 1385 2567 cul-rende
1414 2514 1479 2567 et
1508 2508 1803 2567 luctando
1831 2507 1912 2566 ad
1940 2525 2082 2566 eum

275 2608 496 2681 finem,
527 2606 733 2683 quoad
775 2612 948 2666 stans
990 2605 1321 2682 complecti
1362 2610 1573 2682 posset
1608 2609 1797 2680 atque
1838 2610 2083 2663 conten-

279 2705 443 2763 dere.
531 2702 610 2761 In
639 2712 827 2763 armis
855 2712 1004 2762 vere
1031 2701 1374 2779 plurimum
1404 2700 1601 2760 studii
1634 2701 2052 2761 consfimebat.

217 2925 238 2960 1
363 2898 490 2957 ΙΙΙ.
547 2897 652 2956 Ad
706 2897 866 2957 hanc
921 2894 1198 2973 corporis
1254 2893 1619 2954 firmitatem
1666 2894 1851 2971 plura
1894 2893 2083 2954 etiam
2123 2916 2183 2970 25

281 2995 480 3055 animi
516 2996 679 3054 bona
709 2998 1111 3054 accesserant.
1197 2993 1355 3050 Erat
1385 2991 1551 3050 enim
1580 2991 1914 3064 modestus,
1946 3001 2088 3068 pru-

282 3093 459 3167 dens,
517 3091 742 3167 gravis,
798 3088 1180 3166 temporibus
1232 3087 1549 3166 sapienter
1596 3093 1797 3164 utenS,
1845 3094 2085 3165 peritus
