2417 3534
322 294 405 360 18
846 309 1230 362 CORNELII
1265 312 1606 363 NEPorzs

256 506 282 559 5
321 488 424 539 eos
466 488 768 540 missuros
812 481 1123 540 dixerunt.
1209 483 1394 542 Hanc
1435 483 1812 560 legationem
1852 483 2129 560 suscepit

258 1478 278 1514 1

319 574 774 637 Themistocles
817 583 881 637 et
924 578 1092 638 solus
1134 589 1338 656 primo
1373 581 1690 657 profectus
1721 585 1849 640 est:
1897 580 2130 658 reliqui

321 671 516 748 legati
556 679 628 732 ut
668 679 806 733 tum
848 680 1111 750 exirent,
1143 694 1285 735 cum
1329 677 1486 737 satis
1529 678 1646 737 alti
1688 678 1922 738 tuendo
1963 687 2130 738 mori

320 775 627 830 exstructi
700 771 1081 847 viderentur,
1151 775 1506 851 praecepit:
1578 775 1834 834 interim
1895 784 2126 848 omneS,

320 876 487 925 servi
541 874 728 945 atque
782 868 985 943 liberi,
1041 888 1199 946 opus
1249 870 1531 930 facerent
1577 890 1779 948 neque
1828 871 1947 930 silli
1994 872 2129 930 loco

318 970 661 1040 parcerent,
692 975 825 1026 sive
868 984 1039 1026 sacer
1082 975 1216 1026 sive
1259 973 1542 1044 privatus
1573 974 1738 1028 esset
1768 977 1902 1027 sive
1929 966 2130 1044 publi-

319 1078 445 1135 cUS‚
470 1067 533 1121 et
560 1062 857 1140 undique,
889 1063 1059 1141 quod
1086 1063 1382 1123 idoneum
1411 1065 1492 1123 ad
1519 1065 1922 1123 muniendum
1955 1069 2128 1141 puta-

2202 894 2238 947 5

319 1163 476 1232 rent,
500 1165 917 1235 congererent.
989 1160 1126 1230 Quo
1154 1160 1394 1220 factum
1425 1167 1520 1220 est
1548 1167 1620 1219 ut
1641 1160 2127 1220 Atheniensium
2187 1189 2192 1192 ⁴

318 1265 483 1314 muri
509 1273 587 1314 ex
616 1255 863 1316 sacellis
894 1257 1320 1335 sepulcrisque
1349 1261 1722 1316 constarent.

397 1448 547 1509 VII.
606 1448 1057 1508 Themistocles
1088 1453 1316 1522 autem,
1345 1453 1418 1506 ut
1460 1449 1988 1508 Lacedaemonem
2025 1457 2126 1507 ve-

317 1545 432 1620 nit,
464 1546 636 1605 adire
665 1546 745 1604 ad
772 1545 1178 1620 magistratus
1206 1544 1413 1605 noluit
1447 1551 1510 1604 et
1551 1546 1726 1606 dedit
1753 1564 2022 1623 operam,
2052 1551 2125 1605 ut

319 1662 502 1720 quam
550 1642 914 1718 longissime
957 1647 1205 1718 tempus
1251 1642 1522 1717 duceret,
1561 1662 1812 1703 causam
1855 1643 2125 1720 interpo-

254 1763 285 1798 2
317 1749 475 1800 nens
532 1750 597 1799 se
650 1740 918 1814 collegas
974 1744 1350 1816 exspectare.
1438 1740 1594 1800 Cum
1649 1739 2127 1799 Lacedaemonii

319 1842 724 1914 quererentur
751 1855 907 1913 opus
935 1835 1135 1896 nihilo
1163 1835 1372 1896 minus
1400 1835 1540 1895 fieri
1568 1856 1830 1915 eumque
1861 1836 1930 1894 in
1957 1845 2031 1896 ea
2057 1845 2124 1894 re

318 1943 531 1994 conari
558 1933 798 2009 fallere,
828 1933 1083 1992 interim
1111 1933 1342 2011 reliqui
1370 1933 1566 2008 legati
1607 1941 1754 1994 sunt
1787 1939 2119 1994 consecuti.

319 2017 379 2089 A
422 2030 648 2108 quibus
690 2049 830 2089 cum
873 2031 1152 2090 audisset
1189 2040 1317 2090 non
1345 2030 1615 2089 multum
1646 2049 1968 2107 superesse
1997 2039 2125 2088 mu-

318 2127 599 2202 nitionis,
662 2128 742 2186 ad
810 2127 1074 2204 ephoros
1144 2128 1776 2187 Lacedaemoniorum
1844 2126 2121 2200 accessit,

320 2244 509 2304 penes
539 2234 694 2302 quos
725 2244 1035 2284 summum
1064 2229 1198 2284 erat
1225 2224 1578 2301 imperium,
1609 2229 1794 2300 atque
1825 2224 1992 2300 apud
2021 2232 2123 2282 eos

320 2322 643 2382 contendit
670 2322 837 2381 falsa
877 2321 955 2382 iis
986 2340 1121 2380 esse
1152 2321 1397 2380 delata:
1447 2330 1637 2397 quare
1680 2339 1946 2397 aequum
1989 2338 2124 2381 esse

320 2419 463 2479 illos
519 2419 688 2481 viros
737 2419 929 2479 bonos
979 2417 1348 2495 nobilesque
1398 2417 1645 2476 mittere
1690 2417 1916 2494 quibus
1967 2417 2122 2478 fides

320 2516 672 2591 haberetur,
709 2525 821 2593 qui
847 2533 977 2574 rem
1008 2515 1437 2592 explorarent:
1481 2515 1723 2574 interea
1751 2524 1817 2574 se
1846 2515 2125 2574 obsidem

255 2641 285 2692 3
320 2613 677 2672 retinerent.
765 2612 997 2673 Gestus
1026 2618 1123 2672 est
1152 2621 1214 2670 ei
1240 2621 1392 2687 mos,
1417 2617 1669 2689 tresque
1697 2611 1893 2686 legati
1918 2611 2128 2670 functi

322 2719 580 2770 summis
628 2709 968 2769 honoribus
1016 2708 1304 2768 Athenas
1356 2717 1536 2768 missi
1583 2713 1744 2768 sunt.
1833 2709 1989 2768 Cum
2024 2707 2124 2767 his

320 2806 589 2883 collegas
640 2816 784 2867 suos
829 2805 1284 2866 Themistocles
1333 2805 1520 2865 iussit
1567 2803 1876 2881 proficisci
1923 2804 2124 2881 iisque

320 2903 651 2982 praedixit,
707 2908 781 2962 ut
835 2913 913 2962 ne
968 2902 1141 2980 prius
1198 2901 1831 2961 Lacedaemoniorum
1885 2901 2124 2976 legatos

253 3029 287 3078 4
320 3000 711 3061 dimitterent
759 3018 947 3077 quarn
996 2999 1131 3076 ipse
1180 3003 1348 3059 esset
1391 3007 1702 3059 remissus.
1789 2999 1925 3058 Hos
1964 3003 2127 3074 post-

321 3119 509 3177 quam
531 3097 817 3158 Athenas
846 3095 1205 3174 pervenisse
1236 3101 1410 3156 ratus
1454 3101 1567 3172 est,
1599 3096 1680 3155 ad
1719 3095 2124 3172 magistratus

2167 1472 2233 1509 10

2165 1955 2225 2008 Ι5

2161 2438 2228 2474 20

2162 2922 2224 2978 25
