2417 3534
972 290 1402 344 HANNIBAL
2011 280 2093 345 63

216 491 248 545 5
286 462 590 540 Reliquae
638 464 1058 538 Pergamenae
1101 472 1293 523 naves
1343 480 1483 521 cum
1530 462 1919 523 adversarios
1963 482 2097 541 pre-

285 565 528 619 merent
556 560 777 635 acrius,
802 564 1059 636 repente
1086 559 1154 618 in
1183 568 1288 619 eas
1316 568 1469 619 vasa
1494 559 1733 635 fictilia,
1760 560 1839 619 de
1867 560 2093 637 quibus

287 666 478 734 supra
503 657 884 717 mentionem
911 656 1195 731 fecimUS,
1217 655 1418 716 conici
1438 662 1659 733 coepta
1687 662 1850 717 sunt.
1924 657 2093 727 Quae

287 754 455 813 iacta
493 753 678 813 initio
721 762 916 813 risum
958 753 1386 830 pugnantibus
1429 753 1839 829 concitarunt,
1891 772 2093 831 neque

217 864 252 913 6
287 860 479 928 quaro
521 849 588 910 id
627 849 808 909 fieret
848 855 1094 927 poterat
1121 850 1425 925 intellegi.
1509 851 1855 927 Postquam
1884 857 2093 910 autem
2165 874 2190 927 5

287 956 480 1007 naves
511 956 654 1007 suas
685 947 970 1025 oppletas
1001 951 1462 1024 conspexerunt
1490 948 1901 1024 serpentibus,
1931 957 2095 1007 nova

288 1054 356 1103 re
406 1044 743 1121 perterriti,
794 1063 935 1103 eum
984 1044 1136 1121 quid
1192 1044 1590 1122 potissimum
1647 1050 1920 1105 vitarent
1968 1054 2095 1104 non

290 1141 591 1216 viderent,
647 1150 890 1219 puppes
944 1146 1269 1200 verterunt
1324 1151 1513 1218 seque
1572 1142 1653 1201 ad
1722 1160 1837 1200 sua
1888 1147 2096 1201 castra

223 1264 252 1316 7
290 1238 544 1298 nautica
585 1240 980 1298 rettulerunt.
1069 1238 1170 1298 Sic
1227 1237 1551 1298 Hannibal
1606 1238 1867 1298 consilio
1924 1257 2097 1297 arma

289 1336 814 1412 Pergamenorum
870 1335 1206 1412 superavit,
1259 1354 1461 1412 neque
1515 1340 1651 1394 tum
1708 1336 1928 1410 solum,
1986 1335 2097 1395 sed
2138 1356 2197 1393 10

293 1451 476 1510 saepe
505 1432 661 1493 alias
690 1432 1085 1509 pedestribus
1114 1432 1311 1509 copiis
1355 1440 1493 1509 pari
1533 1432 1869 1509 prudentia
1908 1451 2097 1510 pepu-

293 1529 371 1589 lit
399 1529 805 1589 adversarios.

376 1788 540 1845 §XIL
581 1789 686 1834 The
719 1788 944 1834 Romans
979 1788 1122 1835 leam
1155 1788 1213 1834 of
1246 1787 1553 1835 Hannibal's
1588 1788 1961 1844 whereabouts,
1992 1789 2095 1835 and

292 1864 418 1911 send
449 1864 806 1910 ambassadors
837 1868 891 1909 to
921 1863 1140 1909 demand
1169 1863 1286 1909 that
1317 1864 1381 1909 he
1411 1864 1473 1909 be
1503 1862 1654 1921 given
1687 1877 1771 1921 up.
1833 1864 1939 1909 The
1969 1864 2097 1923 king

291 1940 348 1985 of
383 1938 574 1984 Pontus
613 1938 752 1983 fears
791 1942 847 1983 to
886 1938 1083 1995 refuse3
1123 1936 1434 1983 Hannibal's
1474 1937 1633 1983 house
1672 1938 1719 1984 is
1758 1938 2093 1994 surrounded,

293 2014 396 2061 and
431 2015 495 2060 he
528 2014 680 2060 takes
712 2013 890 2071 poison
925 2013 1102 2059 rather
1136 2012 1263 2059 than
1304 2012 1401 2061 fall
1439 2012 1549 2059 into
1588 2013 1675 2059 the
1715 2014 1882 2059 hands
1922 2014 1979 2059 of
2018 2014 2099 2059 his

292 2102 492 2147 enemy.

376 2187 561 2244 §XIIL
605 2187 710 2233 The
752 2190 902 2233 exact
945 2186 1064 2233 date
1109 2186 1166 2232 of
1209 2187 1290 2232 his
1335 2186 1491 2232 death
1537 2186 1581 2233 is
1626 2186 1910 2233 uncertain.
1991 2186 2098 2233 The

291 2263 456 2309 books
487 2262 692 2308 written
725 2262 794 2320 by
825 2261 927 2308 and
958 2263 1116 2308 about
1146 2261 1253 2306 him
1285 2274 1373 2307 are
1402 2274 1694 2307 numerous.

373 2402 526 2464 XII,
587 2401 756 2471 Quae
785 2401 932 2459 dum
963 2399 1030 2457 in
1059 2398 1217 2459 Asia
1246 2402 1563 2473 geruntur,
1596 2398 1823 2457 accidit
1852 2408 2000 2457 cassi
2026 2404 2098 2457 ut

292 2499 488 2574 legati
532 2498 791 2557 Prusiae
837 2498 1074 2555 Romae
1119 2496 1288 2572 apud
1334 2496 1402 2553 Τ.
1441 2494 1766 2564 Quintium
1802 2495 2098 2553 Flamini-

292 2616 445 2655 num
489 2593 876 2655 consularem
923 2598 1235 2667 cenarent,
1267 2597 1454 2668 atque
1497 2590 1588 2651 ibi
1629 2591 1707 2649 de
1737 2591 2095 2651 Hannibale
2138 2616 2193 2669 15

292 2692 611 2752 mentione
652 2692 824 2751 facta
865 2708 942 2749 ex
983 2690 1062 2749 iis
1104 2700 1267 2749 unus
1307 2689 1541 2748 diceret
1569 2688 1807 2747 eumin
1833 2688 2095 2747 Prusiae

228 2812 258 2847 2
293 2798 485 2866 regno
526 2807 678 2849 esse.
764 2788 844 2847 Id
870 2793 1120 2865 postero
1149 2787 1252 2846 die
1281 2786 1675 2846 Flamininus
1720 2792 1967 2846 senatui
2002 2785 2099 2844 de-

291 2887 460 2948 tulit.
546 2887 768 2945 Patres
811 2888 1166 2961 conscripti,
1198 2892 1310 2959 qui
1350 2882 1713 2942 Hannibale
1740 2892 1888 2943 vivo
1925 2902 2099 2941 num-

294 3002 484 3061 quam
527 2992 592 3043 se
636 2982 770 3042 sine
812 2981 1062 3041 insidiis
1095 2981 1343 3040 futuros
1374 2980 1826 3055 existimarent,
1857 2980 2096 3055 legatos

290 3081 362 3140 in
391 3079 760 3157 Bithyniam
789 3082 1111 3152 miserunt,
1151 3077 1218 3135 in
1261 3086 1349 3136 eis
1391 3077 1835 3152 Flamininum,
1866 3086 1979 3154 qui
2020 3078 2098 3137 ab
2135 3101 2198 3137 20
