2417 3534
352 291 433 354 60
876 306 1255 357 CORNELII
1291 306 1631 357 NEPOTI&

348 474 646 533 memoria
673 475 923 551 predita
951 482 1080 535 est:
1126 494 1395 552 namque
1429 475 1542 534 alii
1582 473 1930 550 naufragie,
1961 474 2072 534 alii
2113 494 2152 535 a

350 570 615 630 servulis
664 572 863 648 ipsius
909 572 1316 631 interfectum
1362 590 1502 630 eum
1549 576 1851 649 scriptum
1892 571 2152 648 relique-

282 693 313 743 3
348 672 510 725 runt.
614 666 964 728 Antiochus
1010 674 1220 728 autem
1269 678 1326 728 si
1372 673 1503 728 tam
1551 668 1620 726 in
1668 668 1938 745 gel-ende
1983 667 2150 727 belle

348 764 627 823 censiliis
658 764 791 824 eius
821 774 1038 841 parere
1067 764 1390 840 voluisset,
1422 784 1610 841 quam
1644 765 1711 822 in
1753 764 2149 841 suscipiende

347 860 728 935 instituerat,
775 861 1031 938 propius
1081 862 1299 921 Tiberi
1347 880 1534 938 quam
1584 861 2025 939 Thermopylis
2072 861 2149 920 de
2226 881 2254 934 5

347 967 589 1017 summa
615 958 867 1034 imperii
896 958 1270 1018 dimicasset.
1356 959 1551 1028 Quem
1582 963 1704 1018 etsi
1729 957 1930 1017 multa
1957 958 2149 1017 stulte

277 1080 312 1126 4
346 1064 557 1113 cenari
604 1054 876 1129 videbat,
906 1060 1117 1113 tamen
1158 1055 1337 1114 nulla
1378 1054 1653 1114 deseruit
1694 1054 1762 1112 in
1801 1063 1884 1112 re.
1970 1055 2152 1113 Prae-

345 1150 471 1209 fuit
514 1160 729 1228 paucis
776 1151 1059 1225 navibus,
1098 1161 1254 1228 quas
1301 1170 1378 1210 ex
1424 1151 1608 1229 Syria
1651 1151 1857 1211 iussus
1903 1156 2037 1209 erat
2081 1150 2149 1209 in

345 1247 565 1306 Asiam
596 1247 836 1322 ducere,
867 1248 1070 1324 iisque
1114 1248 1410 1307 adversus
1454 1247 1844 1307 Rhodiarum
1885 1247 2149 1306 classem

345 1344 413 1402 in
441 1343 820 1421 Pamphylie
849 1354 1008 1403 mari
1036 1344 1338 1403 cenflixit.
1425 1345 1506 1402 In
1535 1354 1657 1421 que
1684 1362 1824 1403 cum
1867 1343 2149 1402 multitu-
2191 1363 2257 1398 10

346 1440 491 1498 dine
521 1440 1017 1499 adversariarum
1042 1450 1140 1500 sui
1162 1446 1623 1518 superarentur,
1642 1440 1777 1517 ipse
1806 1448 1930 1517 que
1958 1448 2150 1499 cornu

344 1554 475 1595 rem
506 1536 699 1612 gessit
727 1537 853 1596 fuit
883 1537 1179 1613 superior.

285 1754 305 1789 1
424 1730 538 1789 IX.
596 1730 911 1790 Antioche
954 1730 1173 1806 fugate
1215 1739 1438 1791 verens
1481 1738 1559 1788 ne
1602 1729 1950 1804 dederetur,
1981 1728 2149 1806 quod

344 1826 478 1887 sine
537 1827 724 1886 dubie
780 1826 1126 1901 accidisset,
1179 1836 1235 1886 si
1291 1836 1391 1887 sui
1444 1826 1701 1886 fecisset
1753 1830 2146 1903 potestatem,

344 1923 593 1982 Cretam
624 1924 704 1982 ad
732 1923 1073 1999 Gortynies
1103 1923 1296 1998 venit,
1326 1929 1399 1983 ut
1437 1923 1526 1983 ibi
1561 1932 1684 2001 que
1728 1932 1793 1981 se
1835 1922 2148 1981 cenferret
2187 1943 2251 1997 15

279 2042 309 2077 2
344 2020 780 2079 censideraret.
866 2018 1048 2079 Vidit
1096 2024 1306 2077 autem
1354 2020 1452 2078 vir
1499 2020 1776 2079 omnium
1821 2017 2150 2077 callidissi-

343 2134 481 2175 mus
511 2116 579 2173 in
607 2124 833 2191 magne
856 2124 920 2175 se
943 2115 1079 2173 fore
1101 2115 1398 2191 pericule‚
1417 2115 1543 2175 nisi
1565 2116 1715 2192 quid
1745 2114 2145 2193 previdisset,

344 2218 597 2289 propter
618 2211 947 2270 avaritiam
971 2212 1364 2271 Cretensium
1389 2234 1403 2286 3
1435 2221 1722 2286 magnam
1746 2212 1914 2270 enim
1938 2220 2148 2271 secum

342 2309 672 2386 pecuniam
716 2309 1023 2384 portabat,
1058 2308 1136 2367 de
1184 2318 1309 2385 qua
1358 2308 1590 2367 sciebat
1639 2317 1842 2367 exisse
1891 2308 2143 2367 famam.

279 2431 307 2482 3
344 2406 568 2482 Itaque
603 2405 771 2481 capit
806 2405 933 2463 tale
969 2404 1316 2463 censilium.
1403 2404 1757 2481 Amphoras
1797 2404 2146 2481 complures
2184 2427 2257 2463 20

342 2502 613 2579 complet
662 2502 935 2578 plumbe‚
989 2511 1263 2561 summas
1313 2500 1517 2578 operit
1565 2510 1716 2561 aure
1763 2506 1827 2561 et
1870 2505 2143 2577 argente.

342 2601 479 2659 Has
536 2599 969 2677 praesentibus
1025 2598 1415 2675 principibus
1473 2598 1733 2675 depenit
1787 2598 1856 2656 in
1910 2598 2148 2675 temple

343 2696 600 2770 Dianae,
659 2695 961 2755 simulans
1018 2704 1085 2755 se
1140 2704 1286 2755 suas
1340 2695 1628 2754 fertunas
1684 2694 1938 2754 illerum
1997 2694 2150 2753 fidei

344 2794 608 2852 credere.
697 2793 819 2852 His
866 2792 932 2850 in
976 2800 1248 2851 errerem
1293 2791 1569 2851 inductis
1617 2796 1859 2851 statuas
1905 2800 2146 2866 aeneas,

342 2899 498 2967 quas
548 2898 755 2949 secum
810 2889 1115 2965 portabat,
1166 2898 1337 2947 omni
1391 2897 1506 2948 sua
1558 2888 1823 2965 pecunia
1877 2887 2148 2965 complet
2187 2911 2254 2965 25

276 3012 310 3058 4
344 2996 571 3061 easque
620 2985 688 3043 in
735 2984 1067 3061 prepatule
1116 2985 1288 3044 domi
1337 2984 1545 3044 abicit.
1649 2984 1945 3062 Gortynii
1997 2988 2149 3043 tem—

344 3082 521 3159 plum
568 3090 797 3155 magna
843 3089 993 3140 cura
1038 3080 1419 3155 custediunt,
1469 3089 1598 3141 nen
1648 3086 1779 3140 tam
1833 3100 1872 3140 a
1925 3086 2146 3141 ceteris
