2417 3534
295 315 338 379 4
824 328 1204 380 CORNELII
1244 329 1459 380 ΝΕΡΟ
1468 329 1584 379 Tzs

295 497 666 559 neminatim
712 499 953 577 Pythia
1007 498 1327 576 praecepit
1380 504 1453 558 ut
1506 497 1862 558 Miltiadem
1917 498 2107 576 impe-

296 601 561 655 raterem
625 595 746 656 sibi
783 601 1162 655 ‘sumerentz
1234 595 1302 655 id
1364 605 1419 655 si
1479 595 1795 669 fecissent,
1852 595 2107 672 incepta

228 713 262 759 4
296 702 592 769 prespera
634 693 866 751 futura.
968 692 1108 752 Hoc
1153 692 1389 751 eraculi
1436 702 1735 769 respense
1778 692 2105 752 Miltiades

297 785 438 862 cum
487 788 730 848 delecta
777 799 968 847 manu
1021 788 1222 849 classe
1272 789 1724 849 Chersonesum
1783 789 2104 866 profectus

295 904 436 944 cum
485 885 850 945 accessisset
899 885 1206 944 Lemnum
1263 890 1327 944 et
1380 884 1617 945 incolas
1674 885 1806 944 eius
1864 885 2105 945 insulae

296 982 414 1041 sub
464 987 842 1059 potestatem
896 982 1177 1059 redigere
1226 965 1422 1041 vellet
1468 982 1975 1057 Atheniensium,
2018 981 2107 1041 id-

231 1098 259 1151 5
297 1088 416 1155 que
452 1083 524 1137 ut
557 1078 809 1137 Lemnii
846 1087 960 1138 sua
997 1084 1219 1156 sponte
1257 1079 1539 1137 facerent
1576 1079 1976 1156 postulasset,
2007 1078 2107 1136 illi

297 1175 632 1234 irridentes
681 1175 1138 1252 responderunt
1185 1181 1323 1234 tum
1370 1175 1439 1234 id
1495 1185 1560 1234 se
1615 1175 1914 1250 factfir6S,
1965 1194 2104 1234 cum

297 1270 406 1330 ille
448 1271 632 1331 dome
672 1271 939 1331 navibus
981 1272 1301 1349 profectus
1338 1277 1530 1330 vente
1572 1271 1865 1348 aquilene
1907 1271 2109 1330 venis-

298 1356 394 1428 set
438 1369 760 1426 Lemnum.
861 1368 989 1426 Hic
1037 1368 1206 1426 enim
1248 1373 1474 1427 ventus
1524 1368 1602 1427 ab
1651 1367 2107 1444 septemtrieni-

297 1465 412 1524 bus
442 1463 646 1524 oriens
676 1465 1008 1523 adversum
1035 1469 1213 1523 tenet
1240 1463 1511 1523 Athenis
1545 1463 2102 1541 proficiscentibus

232 1570 264 1618 6
298 1560 621 1620 Miltiades
663 1561 949 1619 morandi
988 1566 1238 1638 tempus
1280 1569 1407 1620 nen
1447 1560 1684 1620 habens
1727 1578 1977 1619 cursum
2020 1560 2107 1618 di-

298 1657 462 1716 rexit
502 1666 626 1734 que
667 1657 982 1731 tendebat,
1026 1656 1435 1734 pervenitque
1478 1656 1949 1717 Chersonesum.

238 1873 258 1907 1
380 1851 467 1909 II.
527 1851 626 1911 Ibi
649 1851 825 1910 brevi
845 1856 1124 1927 tempore
1149 1851 1551 1911 barbarerum
1582 1850 1777 1927 cepiis
1808 1849 2104 1925 disiectiS,

298 1953 435 2008 teta
481 1948 732 2022 regione
781 1966 969 2025 quam
1018 1947 1287 2024 petierat
1335 1952 1594 2024 potitus,
1645 1947 1781 2005 loca
1828 1946 2106 2006 castellis

300 2044 525 2104 idenea
550 2044 938 2118 communiit,
967 2044 1439 2103 multitudinem
1468 2062 1655 2120 quam
1686 2053 1894 2102 secum
1924 2044 2109 2103 duxe-

301 2146 400 2200 rat
440 2141 506 2199 in
545 2149 713 2216 agris
752 2139 1080 2199 collocavit
1118 2141 1475 2219 crebrisque
1513 2140 1987 2201 excursienibus
2026 2141 2107 2199 lo-

237 2257 268 2292 2
302 2238 663 2314 cupletavit.
750 2239 972 2314 Neque
1002 2237 1209 2296 minus
1245 2237 1313 2295 in
1346 2247 1419 2296 ea
1451 2247 1517 2296 re
1550 2237 1887 2314 prudentia
1920 2256 2114 2315 (1113111

223 2405 230 2412 .
302 2334 609 2394 felicitate
651 2334 904 2393 adiutus
950 2339 1062 2393 est.
1163 2335 1331 2393 Nam
1373 2353 1515 2393 cum
1556 2335 1793 2393 virtute
1832 2335 2107 2393 militum

303 2430 639 2490 devicisset
679 2429 948 2489 hostium
995 2431 1325 2506 exercitia,
1366 2441 1609 2491 summa
1650 2431 1966 2508 aequitate
2008 2439 2107 2489 res

239 2548 268 2598 3
303 2527 633 2588 constituit
661 2532 847 2604 atque
877 2527 1011 2603 ipse
1041 2527 1275 2587 ibidem
1305 2537 1554 2587 manere
1583 2527 1875 2586 decrevit.
1953 2528 2109 2586 Erat

304 2624 463 2684 enim
511 2624 676 2683 inter
714 2633 818 2684 ees
861 2624 1169 2698 dignitate
1213 2625 1399 2699 regia,
1440 2643 1819 2702 quamquam
1861 2624 2109 2683 carebat

303 2721 572 2796 nemine,
601 2739 803 2798 neque
833 2720 899 2779 id
927 2720 1126 2795 magis
1161 2720 1425 2797 imperie
1463 2740 1649 2797 quam
1688 2720 1937 2780 iustitia
1972 2729 2111 2779 cen-

305 2823 570 2890 secutus.
656 2819 879 2895 Neque
918 2827 989 2876 ee
1029 2817 1223 2877 setius
1258 2816 1768 2889 AtheniensibuS,
1808 2826 1846 2875 3
1882 2816 2107 2893 quibus

305 2922 439 2975 erat
492 2915 829 2993 profectus,
887 2912 1088 2973 officia
1143 2913 1518 2990 praestabat.
1633 2912 1869 2983 Quibus
1925 2913 2108 2972 rebus

305 3013 504 3072 fiebat
550 3017 623 3070 ut
670 3021 798 3071 nen
845 3010 1053 3069 minus
1103 3019 1315 3068 cerum
1364 3008 1687 3069 voluntate
1740 3015 2111 3088 perpetuum

305 3108 638 3187 imperium
693 3107 1004 3167 obtineret
1066 3115 1176 3183 qui
1236 3111 1554 3181 miserant,
1612 3125 1797 3184 quam
1859 3106 2109 3167 illerum

2150 1389 2207 1424 10

2148 1970 2203 2025 15

2145 2452 2208 2488 20

2145 2936 2205 2990 25
