2417 3534
362 277 447 340 14
889 292 1270 343 CORNELII
1306 293 1647 344 NEPOTI&

360 460 526 520 enim
570 461 789 522 classis
838 462 1013 522 mille
1069 468 1133 522 et
1186 462 1595 522 ducentarum
1648 463 1901 522 navium
1958 464 2164 540 longa-

359 577 498 616 rum
542 557 686 632 fuit,
733 577 922 635 quam
967 559 1091 619 duo
1138 559 1314 618 milia
1361 560 1782 620 onerariarum
1832 561 2165 638 sequeban-

358 659 481 728 tur,
510 655 824 716 terrestris
855 661 1064 716 autem
1094 656 1404 716 exercitus
1435 656 1830 733 septingenta
1860 657 2161 732 peditum,

294 759 325 807 6
359 751 640 828 equitum
695 753 1153 830 quadringenta
1206 752 1386 812 milia
1441 753 1714 813 fuerunt.
1835 753 2027 813 Cuius
2086 754 2164 812 de

358 848 634 908 adventu
682 867 823 907 cum
872 849 1045 908 fama
1092 849 1159 908 in
1210 849 1537 910 Graeciam
1586 855 1751 910 esset
1805 850 2049 926 perlata
2102 855 2165 909 et

358 944 628 1004 maxime
676 945 1096 1006 Athenienses
1144 952 1280 1022 peti
1324 947 1676 1006 dicerentur
1721 952 1976 1024 propter
2017 956 2166 1024 pug-

357 1048 509 1101 nans
557 1042 1037 1117 Maratheniam,
1092 1048 1400 1103 miserunt
1455 1042 1735 1120 Delphos
1791 1042 2162 1119 consultum,

357 1138 658 1215 quidnam
706 1140 987 1199 facerent
1034 1140 1113 1199 de
1161 1141 1345 1200 rebus
1401 1149 1547 1200 suis.
1655 1139 2162 1200 Deliberantibus

356 1236 595 1312 Pythia
627 1237 968 1312 respondit,
997 1243 1071 1296 ut
1106 1237 1430 1296 moenibus
1465 1237 1690 1312 ligneis
1727 1245 1792 1295 se
1827 1242 2159 1294 munirent.

294 1352 321 1403 7
357 1332 436 1390 Id
479 1341 845 1409 responsum
889 1341 1012 1409 que
1054 1332 1294 1392 valeret
1336 1351 1474 1391 cum
1520 1331 1912 1404 intellegeret
1960 1340 2160 1405 neme,

358 1428 809 1488 Themistocles
848 1428 1161 1505 persuasit
1195 1427 1524 1488 consilium
1561 1445 1694 1486 esse
1727 1425 2061 1503 Apollinis,
2093 1433 2164 1487 ut

356 1525 425 1582 in
469 1535 659 1584 naves
706 1535 771 1586 se
817 1543 1050 1603 suaque
1100 1525 1491 1584 cenferrent:
1555 1541 1697 1582 eum
1746 1524 1912 1582 enim
1961 1533 2000 1583 a
2047 1525 2163 1584 dee

292 1631 323 1680 8
359 1621 700 1696 significari
741 1633 987 1681 murum
1028 1622 1324 1696 ligneum.
1415 1620 1557 1680 Tali
1599 1621 1859 1680 censilio
1904 1621 2162 1698 probato

358 1719 597 1778 addunt
638 1719 719 1778 ad
760 1719 1109 1796 superieres
1151 1718 1416 1798 totidem
1457 1727 1649 1777 naves
1695 1717 1980 1778 triremes
2031 1737 2164 1777 sua-

358 1834 477 1892 que
507 1815 731 1890 omnia,
762 1834 921 1892 quae
952 1824 1189 1875 moveri
1223 1820 1530 1891 poterant,
1562 1814 1793 1891 partim
1825 1814 2159 1889 Salamina,

357 1912 589 1989 partim
652 1914 965 1970 Troezena
1028 1913 1394 1988 deportant:
1467 1929 1669 1970 arcem
1739 1911 2160 1971 sacerdotibus

356 2018 693 2085 paucisque
727 2008 1063 2068 maioribus
1096 2013 1254 2068 natu
1287 2009 1366 2067 ad
1407 2027 1582 2068 sacra
1621 2007 2008 2085 procuranda
2044 2013 2162 2066 tra-

358 2105 532 2180 dunt,
573 2105 885 2183 reliquum
925 2106 1224 2183 oppidum
1265 2107 1643 2185 relinquunt.

295 2321 315 2355 1
435 2300 562 2358 111.
620 2300 829 2361 Huius
879 2301 1209 2360 censilium
1258 2300 1574 2379 plerisque
1625 2303 1986 2362 civitatibus
2043 2302 2162 2362 dis-

354 2397 626 2473 plicebat
648 2403 713 2455 et
733 2397 801 2454 in
828 2403 995 2456 terra
1022 2398 1310 2458 dimicari
1337 2400 1534 2474 magis
1563 2400 1861 2477 placebat.
1938 2400 2162 2476 Itaque

354 2503 533 2553 missi
568 2499 713 2552 sunt
752 2493 981 2553 delecti
1018 2513 1158 2553 cum
1197 2495 1492 2569 Leonida,
1532 2496 2158 2556 Lacedaemonierum

354 2599 514 2664 rege,
555 2599 665 2666 qui
706 2591 1155 2669 Thermopylas
1199 2598 1573 2670 occuparent
1614 2593 1984 2669 longiusque
2031 2592 2163 2651 bar-

354 2687 535 2746 bares
583 2688 874 2762 pregredi
922 2697 1047 2748 nen
1101 2696 1480 2766 paterentur.
1589 2690 1650 2748 Ii
1698 2691 1827 2749 vim
1884 2690 2160 2750 hostium

290 2807 320 2841 2
352 2793 479 2843 nen
507 2785 941 2845 sustinuerunt
970 2796 1163 2863 eeque
1193 2787 1328 2847 loce
1356 2797 1570 2847 omnes
1600 2788 1990 2846 interierunt.
2070 2786 2160 2845 At

354 2880 570 2942 classis
609 2883 955 2942 communis
992 2884 1289 2944 Graeciae
1325 2890 1744 2943 trecentarum
1782 2884 2056 2959 navium,
2093 2883 2161 2941 in

354 2989 479 3056 qua
527 2980 829 3038 ducentae
885 2986 1065 3039 erant
1111 2980 1614 3055 Atheniensium,
1667 2990 1936 3058 primum
1993 2980 2160 3057 apud

354 3077 763 3137 Artemisium
799 3077 964 3136 inter
991 3077 1308 3137 Euboeam
1343 3078 1888 3155 continentemque
1926 3083 2158 3136 terram

2236 876 2270 928 5

2207 1357 2280 1392 10

2206 1839 2264 1893 Ῐ5

2201 2421 2268 2456 20

2199 2905 2262 2958 25
