2417 3534
903 285 1190 336 THEms
1198 285 1481 336 TooLES
2006 269 2088 334 21

285 455 687 532 pereundum.
769 456 910 516 Hac
937 455 1309 516 necessitate
1331 461 1579 517 coactus
1610 455 1861 515 domine
1889 454 2088 530 naviS,

285 551 428 628 quis
479 552 580 627 sit,
624 553 843 629 aperit,
886 553 1086 612 multa
1138 553 1459 630 pollicenS,
1510 562 1567 612 si
1621 562 1687 612 se
1742 561 2093 612 conservas·

214 678 244 730 7
287 654 400 707 set.
512 649 602 707 At
657 648 766 708 ille
821 649 1156 708 clarissimi
1208 649 1333 708 viri
1388 654 1609 726 captus
1665 648 2093 708 misericordia

286 743 454 803 diem
503 750 872 821 noctemque
919 745 1134 822 procul
1184 746 1263 804 ab
1311 745 1520 805 insula
1565 745 1633 803 in
1682 745 1814 805 sale
1867 754 2092 804 navem

284 841 494 900 tenuit
548 841 615 900 in
669 851 912 902 ancoris
967 859 1169 918 neque
1225 859 1600 918 quemquam
1656 859 1736 900 ex
1792 849 1866 900 ea
1924 851 2091 901 exire
2161 863 2189 918 5

284 955 508 1014 passus
559 942 670 996 est.
773 937 933 1009 Inde
977 937 1299 1014 Ephesum
1344 937 1633 1014 pervenit
1679 937 1893 1014 ibique
1938 938 2093 996 The-

286 1033 636 1093 mistoclem
685 1033 960 1110 expenit.
1071 1033 1189 1094 Cui
1244 1033 1354 1092 ille
1408 1042 1523 1110 pre
1575 1033 1819 1094 meritis
1876 1040 2093 1112 postea

287 1129 554 1205 gratiam
597 1130 860 1190 rettulit.

222 1352 244 1388 1
367 1325 482 1382 IX.
544 1323 685 1383 Scio
727 1323 1056 1402 pleresque
1097 1324 1192 1384 ita
1233 1323 1576 1404 scripsisse,
1606 1325 2091 1384 Themistoclem

285 1421 496 1480 Xerxe
525 1426 825 1496 regnante
854 1420 923 1479 in
949 1421 1169 1481 Asiam
1197 1427 1519 1481 transisse.
1608 1421 1733 1481 Sed
1760 1440 1872 1496 ego
1906 1423 2094 1499 potis-
2134 1445 2193 1480 10

287 1517 516 1576 simum
564 1516 919 1594 Thucydidi
965 1518 1168 1592 credo,
1199 1519 1369 1595 quod
1414 1524 1477 1577 et
1522 1523 1725 1577 aetate
1770 1507 2089 1594 proximus

288 1613 364 1672 de
391 1612 490 1688 iis,
521 1622 632 1690 qui
658 1613 912 1672 illorum
940 1619 1292 1691 temporum
1321 1613 1650 1674 historiam
1680 1614 2089 1691 reliquerunt,

287 1715 352 1768 et
396 1709 673 1769 eiusdem
718 1710 996 1770 civitatis
1045 1711 1187 1770 fuit.
1276 1711 1341 1770 Is
1385 1717 1593 1770 autem
1636 1710 1726 1770 ait
1760 1711 1840 1770 ad
1869 1711 2093 1770 Artax-

287 1815 480 1864 erxen
522 1823 662 1887 eum
707 1807 954 1866 venisse
997 1812 1183 1884 atque
1225 1807 1327 1866 his
1355 1807 1563 1867 verbis
1607 1807 1943 1884 epistulam
1984 1817 2094 1870 mi-

222 1934 253 1970 2
288 1903 475 1963 sisse:
524 1903 1011 1963 ‘Themistocles
1042 1913 1185 1963 veni
1228 1904 1309 1962 ad
1336 1908 1417 1978 te,
1462 1903 1572 1981 qui
1614 1902 1886 1980 plurima
1926 1903 2094 1963 mala
2134 1927 2188 1980 15

287 1999 564 2060 omnium
595 2000 922 2061 Graiorum
955 2000 1023 2058 in
1051 2001 1304 2059 domum
1337 2007 1511 2059 tuam
1553 2000 1759 2074 intuli,
1791 1999 2093 2077 quamdiu

286 2096 446 2156 mihi
492 2115 744 2157 necesse
791 2097 918 2156 fuit
966 2097 1296 2158 adversum
1344 2101 1589 2174 patrem
1636 2102 1809 2156 tuum
1858 2096 2091 2156 bellare

223 2223 251 2274 3
286 2193 678 2271 patriamque
733 2212 936 2253 meam
991 2194 1343 2254 defendere.
1430 2182 1606 2252 Tdem
1663 2193 1863 2252 multo
1912 2193 2095 2270 plura

285 2290 449 2350 bona
475 2290 618 2365 feci,
647 2297 981 2368 postquam
1023 2291 1092 2349 in
1132 2296 1274 2351 tute
1315 2291 1451 2368 ipse
1491 2296 1554 2349 et
1581 2290 1690 2349 ille
1718 2290 1785 2349 in
1814 2289 2092 2366 pericule

285 2404 421 2446 esse
449 2387 668 2464 coepit.
752 2387 917 2446 Nam
941 2387 1172 2446 cumin
1193 2387 1415 2448 Asiam
1443 2392 1674 2446 reverti
1701 2386 1894 2445 vellet
1923 2405 2094 2463 proe-
2131 2410 2193 2445 20

284 2482 372 2542 lie
402 2483 571 2560 apud
599 2483 918 2544 Salamina
949 2483 1137 2558 facte,
1169 2483 1401 2544 litteris
1431 2502 1572 2542 eum
1601 2483 1925 2552 certiorem
1967 2483 2093 2542 feci

284 2579 353 2638 id
381 2589 485 2656 agi
511 2586 582 2639 ut
608 2589 783 2656 penS,
815 2598 999 2656 quem
1033 2579 1102 2638 in
1135 2579 1550 2656 Hellesponto
1592 2580 1845 2655 fecerat,
1878 2579 2093 2638 dissol-

285 2681 536 2735 veretur
564 2682 751 2753 atque
781 2677 860 2736 ab
886 2675 1172 2736 hostibus
1201 2675 1663 2735 circumiretur:
1710 2685 1835 2752 quo
1868 2675 2091 2734 nuntio

219 2800 251 2848 4
283 2771 394 2830 ille
422 2772 701 2848 pericule
727 2778 826 2833 est
852 2772 1170 2832 liberatus.
1255 2771 1442 2831 Nunc
1470 2777 1675 2832 autem
1714 2772 1971 2848 confugi
2012 2772 2093 2832 ad

283 2873 348 2927 te
383 2868 736 2944 exagitatus
766 2888 804 2928 a
831 2875 1056 2928 cuncta
1083 2855 1365 2942 Graecia
1406 2874 1581 2928 tuam
1622 2875 1843 2946 petens
1886 2868 2093 2928 amici·
2130 2891 2187 2944 25

283 2965 474 3024 tiam:
521 2985 709 3042 quam
753 2975 807 3026 si
849 2974 952 3024 ere
995 2965 1281 3042 adeptus,
1310 2974 1438 3024 nen
1476 2964 1685 3025 minus
1728 2975 1827 3024 me
1860 2966 2091 3024 bonum

285 3069 553 3121 amicum
581 3061 858 3137 habebis,
891 3081 1080 3138 quam
1109 3061 1341 3121 fortem
1370 3061 1695 3125 inimicum
1733 3060 1840 3119 ille
1881 3078 2091 3136 exper-
