2417 3534
360 262 443 322 54
888 269 1266 322 CORNELII
1305 270 1645 321 NEPOTIS

358 441 542 499 ficare
578 440 958 515 instituerat,
990 458 1250 517 eamque
1289 445 1510 500 ceteris
1550 446 1806 501 remotis
1844 445 2166 501 tenentem

358 538 562 596 iurare
600 537 787 597 iussit
825 556 1167 614 numquam
1204 547 1304 596 me
1342 536 1410 596 in
1446 536 1725 597 amicitia
1763 556 1902 597 cum
1941 539 2168 598 Roma-

357 644 456 693 nis
486 634 637 693 fore.
710 635 790 692 Id
819 652 931 709 ego
960 634 1394 693 ifisifirandum
1415 640 1582 711 patri
1611 634 1825 693 datum
1854 654 2053 712 usque
2082 635 2165 694 ad

357 732 517 789 hanc
546 736 815 790 aetatem
843 732 933 791 ita
960 740 1344 804 conservavi,
1372 736 1446 789 ut
1473 730 1712 789 nemini
1741 731 1998 790 dubium
2027 750 2164 791 esse

358 827 597 901 debeat,
623 837 775 903 quin
796 827 1039 903 reliquo
1059 832 1338 904 tempore
1365 827 1580 886 eadem
1609 832 1818 887 mente
1847 828 1967 887 sim
1995 828 2164 887 futa-

357 943 479 983 rus.
552 923 751 992 Quare
776 924 828 983 si
852 924 1006 1000 quid
1028 933 1224 982 amica
1254 924 1330 983 de
1359 924 1660 983 Romanis
1691 924 2012 999 cogitabis,
2035 933 2164 984 non

356 1021 782 1097 imprudenter
810 1019 1053 1094 feceris,
1079 1029 1133 1079 si
1160 1029 1260 1078 me
1289 1020 1546 1095 celaris3
1586 1039 1728 1080 oum
1757 1020 2010 1098 quidem
2040 1020 2164 1080 bel-

356 1118 486 1176 lum
515 1117 781 1195 parabis,
814 1122 876 1175 te
907 1116 1118 1194 ipsum
1151 1116 1574 1192 frastraberis,
1605 1126 1662 1177 si
1692 1136 1818 1175 non
1853 1126 1953 1177 me
1985 1117 2054 1177 in
2087 1125 2160 1177 eo

356 1214 701 1292 principem
730 1212 1051 1291 posueris.’

437 1507 463 1565 ξ
485 1507 572 1552 III.
616 1507 685 1553 At
707 1507 793 1553 the
814 1520 909 1565 age
932 1506 989 1553 of
1014 1506 1350 1566 twenty—five,
1372 1506 1636 1554 Hannibal
1659 1507 1863 1555 obtains
1887 1507 2158 1555 command

354 1583 409 1629 of
433 1595 499 1628 an
525 1595 673 1641 army
694 1583 748 1628 in
774 1582 946 1640 Spain.
1008 1582 1086 1629 He
1117 1582 1342 1628 subdues
1373 1580 1528 1641 Spain
1557 1582 1661 1629 and
1691 1593 1888 1630 crosses
1919 1584 2006 1629 the
2033 1582 2158 1640 Alps

354 1658 463 1703 into
484 1656 635 1715 Italy.

434 1777 459 1835 ᾗ
484 1779 570 1825 IV.
614 1778 691 1823 He
712 1778 912 1823 defeats
933 1778 1020 1823 the
1041 1777 1266 1822 Romans
1287 1775 1340 1821 in
1362 1775 1466 1823 five
1486 1776 1694 1832 battleS‚
1717 1776 1820 1823 and
1846 1789 2017 1823 comes
2047 1776 2157 1823 into

353 1853 557 1910 Apulia,
582 1853 750 1898 where
770 1853 833 1897 he
855 1851 899 1897 is
920 1851 1073 1909 again
1096 1850 1391 1897 victorious.

432 1974 457 2031 §
480 1974 542 2020 V.
585 1974 663 2020 He
699 1974 1011 2031 approaches
1045 1972 1220 2019 Rome.
1292 1972 1370 2019 He
1405 1972 1684 2019 extricates
1718 1973 1925 2019 himself
1961 1974 2092 2019 from
2124 1985 2155 2019 a

352 2050 639 2107 dangerous
661 2048 908 2093 situation
929 2048 998 2105 by
1011 2060 1042 2093 a
1062 2051 1363 2106 stratagem,
1382 2047 1484 2093 and
1502 2047 1555 2092 in
1571 2060 1602 2093 a
1617 2048 1832 2093 number
1848 2048 1903 2093 of
1922 2046 2156 2093 conflicts

350 2124 477 2171 with
498 2124 585 2170 the
606 2122 830 2168 Romans
851 2134 1021 2168 comes
1040 2121 1114 2167 off
1133 2123 1264 2168 best.

431 2282 556 2340 ΙΙΙ.
617 2280 755 2338 Hac
785 2278 978 2353 igitur
1007 2288 1131 2355 qua
1159 2278 1432 2338 diximus
1463 2284 1668 2339 aetate
1696 2298 1836 2337 cum
1868 2285 2045 2357 patre
2087 2279 2154 2337 in

352 2376 729 2454 Hispaniam
775 2375 1093 2452 profectus
1140 2381 1254 2450 est,
1300 2376 1476 2435 cuius
1523 2381 1665 2453 post
1707 2375 1964 2450 obitum,
1995 2376 2155 2435 Has-

351 2474 605 2534 drubale
629 2474 1002 2549 imperatore
1028 2472 1306 2546 suffecto,
1331 2472 1644 2549 equitatui·
1665 2481 1836 2531 omni
1857 2472 2148 2549 praefuit.

351 2572 489 2631 Hoc
534 2588 778 2648 quoque
824 2568 1157 2627 interfecto
1203 2568 1511 2627 exereitus
1559 2588 1864 2629 summam
1904 2569 1986 2627 im
1993 2568 2153 2645 perii

350 2668 431 2727 ad
459 2686 598 2726 eum
627 2666 870 2726 detulit.
958 2665 1039 2723 Id
1078 2664 1539 2739 Karthaginem
1581 2665 1861 2724 delatum
1905 2665 2152 2741 publice

348 2764 815 2841 comprobatum
859 2768 969 2821 est.
1060 2762 1159 2821 Sic
1198 2761 1524 2821 Hannibal
1553 2762 1756 2821 minor
1785 2772 2059 2839 quinque
2089 2768 2153 2821 et

346 2861 577 2939 viginti
606 2869 786 2919 annis
814 2865 1001 2917 natus
1031 2857 1368 2935 imperator
1396 2857 1605 2918 factus
1635 2858 1922 2935 proximo
1963 2859 2152 2918 trien-

346 2958 451 3018 nio
496 2965 709 3016 omnes
761 2961 976 3030 gentes
1023 2954 1374 3030 Hispaniae
1417 2953 1582 3014 bella
1627 2955 1887 3029 subegit,
1921 2956 2152 3031 Sagun-

346 3061 499 3129 tum,
529 3052 915 3111 foederatam
946 3049 1286 3124 civitatem,
1311 3059 1377 3108 vi
1405 3051 1808 3129 expsignavit,
1832 3057 1960 3111 tres
1985 3070 2152 3110 exer-

2238 852 2266 905 5

2198 2303 2262 2339 10

2195 2784 2255 2838 15
