2417 3534
300 257 383 322 24
811 275 1204 327 ὉΟΒΝΕΜΙ
1241 275 1584 328 NEPOTIS
2325 252 2361 297 f

296 442 480 502 tisset
536 445 848 520 quendam
912 445 1286 505 scribentem
1347 450 1419 504 ut
1479 444 1684 522 patria
1745 442 2098 520 pelleretur,

298 549 613 615 quaesisse
665 542 742 600 ab
788 551 859 602 eo
904 542 1150 618 dicitur,
1191 550 1384 619 quare
1427 541 1494 600 id
1536 541 1768 600 faceret
1811 544 1918 598 aut
1945 539 2100 616 quid

297 635 610 696 Aristides
641 639 1074 714 commisisset,
1098 648 1209 698 cur
1236 644 1416 698 tanta
1442 646 1642 715 poena
1670 637 1894 711 dignus
1923 635 2102 694 duce-

230 762 264 808 4
298 738 483 792 retur.
572 734 688 794 Cui
718 734 828 794 ille
857 735 1179 812 respondit
1208 744 1276 795 se
1304 743 1588 810 ignorare
1616 733 1956 806 Aristiden,
1989 732 2100 791 sed

298 828 418 888 sibi
463 838 589 888 non
644 830 889 907 placere
946 832 1113 908 quod
1166 837 1298 891 tam
1352 831 1578 909 cupide
1633 830 1974 889 laborasset
2027 832 2100 887 ut
2173 851 2201 904 5

233 950 260 1002 5
297 932 542 1002 praeter
597 933 833 986 ceteres
889 928 1105 988 Iustus
1162 927 1600 1004 appellaretur.
1705 927 1831 984 Hic
1887 925 2095 984 decem
2341 888 2355 981 l

298 1031 599 1082 annerum
655 1023 1002 1098 legitimam
1056 1041 1321 1100 poenam
1375 1033 1502 1083 nen
1555 1021 1832 1100 pertulit.
1930 1021 2099 1080 Nam

296 1125 627 1196 postquam
656 1121 898 1180 Xerxes
927 1119 995 1178 in
1024 1119 1350 1180 Graeciam
1384 1119 1722 1192 descendit,
1754 1123 1929 1178 sexte
1966 1118 2100 1177 fere

296 1225 459 1274 anne
504 1235 689 1292 quam
730 1222 862 1275 erat
898 1217 1214 1294 expulsuS,
1249 1216 1469 1294 populi
1516 1221 1674 1276 scite
1717 1215 1785 1273 in
1832 1213 2099 1292 patriam

296 1311 627 1371 restitutus
657 1317 769 1371 est.
2143 1332 2210 1368 10

2355 1476 2365 1650 3

237 1527 257 1562 1
378 1503 464 1562 II.
525 1503 831 1563 Interfuit
880 1510 1089 1565 autem
1143 1515 1390 1583 pugnae
1453 1505 1665 1564 navali
1719 1504 1886 1581 apud
1935 1502 2101 1562 Sala-

296 1609 482 1674 mina,
514 1619 671 1677 quae
715 1601 886 1660 facta
922 1607 1019 1661 est
1056 1602 1229 1679 prius
1269 1621 1454 1679 quam
1486 1610 1686 1678 poena
1713 1600 2098 1660 liberaretur.

296 1686 473 1756 Tdem
504 1702 750 1774 praetor
795 1698 923 1756 fuit
967 1698 1453 1758 Atheniensium
1495 1698 1662 1774 apud
1700 1696 1990 1756 Plataeas
2032 1695 2103 1754 in

296 1793 547 1869 proelis),
580 1803 703 1870 que
733 1793 911 1853 fusus
940 1794 1340 1853 barbarerum
1375 1794 1683 1854 exercitus
1714 1792 2101 1852 Mardonius-

233 1913 264 1949 2
296 1907 415 1966 que
460 1888 828 1949 interfectus
874 1895 985 1949 est.
1069 1889 1291 1967 Neque
1333 1890 1508 1949 aliud
1548 1895 1644 1949 est
1683 1889 1883 1948 ullum
1912 1888 2099 1948 huius
2145 1913 2207 1966 15

295 1985 364 2043 in
392 1994 456 2042 re
486 1985 747 2044 militari
776 1985 1020 2045 illustre
1049 1986 1288 2045 factum
1318 2005 1504 2062 quam
1535 1986 1668 2045 eius
1703 1985 1953 2062 imperii
1980 2003 2100 2043 me·

295 2081 508 2155 moria,
558 2081 838 2141 iustitiae
896 2091 1040 2141 vere
1088 2087 1152 2141 et
1202 2082 1540 2159 aequitatis
1589 2088 1652 2140 et
1708 2081 2097 2141 innocentiae

294 2178 511 2252 multa,
541 2178 610 2236 in
651 2187 870 2254 primis
914 2178 1081 2254 quod
1121 2178 1308 2238 huius
1351 2179 1666 2255 aequitate
1708 2178 1948 2237 factum
1983 2182 2096 2252 est,

295 2293 435 2334 cum
480 2275 548 2333 in
592 2283 906 2333 communi
948 2274 1145 2334 classe
1191 2279 1358 2334 esset
1400 2274 1697 2335 Graeciae
1741 2273 1928 2333 simul
1957 2292 2099 2332 cum

295 2371 608 2429 Pausania
666 2370 815 2447 (quo
870 2371 1025 2429 duce
1075 2370 1441 2430 Mardonius
1491 2375 1624 2430 erat
1671 2370 1975 2449 fugatus),
2026 2374 2098 2428 ut
2137 2393 2213 2429 20

295 2485 539 2527 summa
565 2466 814 2542 imperii
842 2466 1144 2525 maritimi
1172 2467 1250 2526 ab
1273 2466 1780 2526 Lacedaemoniis
1804 2465 2100 2525 transfer-

231 2593 261 2644 3
295 2569 468 2622 retur
508 2564 589 2623 ad
631 2563 1083 2622 Athenienses:
1130 2581 1399 2640 namque
1445 2568 1592 2622 ante
1635 2562 1701 2620 id
1743 2567 1990 2638 tempus
2033 2566 2099 2620 et

294 2669 452 2718 mari
481 2666 543 2718 et
584 2665 751 2718 terra
794 2659 979 2718 duces
1010 2663 1187 2718 erant
1221 2658 1710 2718 Lacedaemonii.
1795 2659 1957 2716 Tum
1999 2675 2100 2716 au-

293 2760 420 2814 tem
451 2760 514 2814 et
543 2754 1028 2830 intemperantia
1069 2755 1419 2814 Pausaniae
1463 2761 1526 2813 et
1567 2753 1814 2814 iustitia
1857 2753 2096 2813 factum

294 2857 390 2910 est
431 2850 751 2923 AristidiS,
783 2856 853 2909 ut
904 2860 1115 2910 omnes
1165 2850 1299 2910 fere
1343 2850 1630 2909 civitates
1675 2849 1972 2909 Graeciae
2017 2850 2098 2908 ad
2135 2872 2201 2926 25

294 2946 776 3006 Atheniensium
808 2945 1166 3005 societatem
1196 2955 1263 3006 se
1285 2945 1674 3022 applicarent
1702 2951 1766 3004 et
1795 2945 2098 3005 adversus

296 3044 584 3105 barbares
613 3043 727 3102 hes
759 3042 946 3100 duces
976 3041 1322 3116 deligerent
1350 3041 1486 3102 sibi.
