2417 3534
875 303 1164 354 THEms
1171 303 1455 355 TocLEs
1978 292 2062 357 13

251 474 594 536 iudicasset
649 474 784 535 sine
839 484 1082 534 summa
1133 475 1447 535 industria
1499 485 1626 536 nen
1683 495 1865 555 posse
1926 495 2061 537 eam

251 571 587 647 exstingui,
639 577 842 631 tetum
892 581 960 630 se
1008 571 1253 631 dedidit
1306 581 1398 631 rei
1450 573 1754 649 publicae,
1806 573 2064 649 diligen-

251 668 382 728 tius
418 678 634 728 amicis
668 669 997 745 famaeque
1031 668 1329 729 serviens.
1401 669 1677 728 Multum
1712 670 1779 728 in
1812 671 2059 732 iudiciis

251 771 517 842 privatis
553 765 935 839 versabatur,
967 783 1150 842 saepe
1185 766 1255 823 in
1287 766 1640 826 centienem
1675 767 1894 844 populi
1926 777 2061 844 pre-

251 861 461 936 dibat3
505 862 683 920 nulla
718 871 817 920 res
855 861 1052 920 maior
1087 862 1222 922 sine
1262 872 1333 921 ee
1373 863 1729 938 gerebatur3
1775 864 2061 923 celeriter
2131 885 2157 940 5

183 978 217 1027 4
252 976 411 1035 quae
453 977 610 1035 opus
655 964 835 1017 erant
878 958 1241 1035 reperiebat,
1287 959 1473 1019 facile
1520 961 1736 1019 eadem
1780 961 2059 1020 eratione

252 1054 623 1132 explicabat,
649 1073 848 1132 neque
871 1055 1077 1114 minus
1107 1055 1173 1114 in
1202 1056 1386 1114 rebus
1416 1056 1705 1131 gerendis
1732 1063 2058 1134 promptus

253 1169 440 1228 quam
478 1151 906 1227 excegitandis
945 1157 1094 1226 erat,
1126 1152 1295 1229 quod
1332 1158 1396 1211 et
1432 1153 1510 1212 de
1549 1153 1950 1227 instantibus,
1989 1160 2060 1213 ut

250 1248 342 1307 ait
383 1248 800 1326 Thucydides,
846 1249 1170 1308 verissime
1217 1249 1537 1309 iudicabat
1586 1256 1649 1309 et
1698 1251 1774 1309 de
1821 1251 2057 1311 futuris

249 1344 657 1406 callidissime
702 1345 1060 1405 ceniciebat.
1162 1346 1298 1416 Que
1342 1346 1581 1406 factum
1626 1353 1723 1406 est
1767 1353 1839 1406 ut
1883 1348 2058 1407 brevi
2100 1368 2159 1404 10

249 1447 529 1519 tempore
559 1442 998 1502 illustraretur.

186 1655 207 1691 1
331 1636 419 1695 II.
478 1637 728 1697 Primus
779 1642 987 1696 autem
1036 1636 1266 1712 gradus
1316 1637 1442 1696 fuit
1492 1638 1907 1714 capessendae
1964 1648 2056 1697 rei

183 1735 188 1738 ’
249 1733 533 1810 publicae
572 1734 737 1794 belle
772 1734 1146 1812 Corcyraee:
1193 1734 1275 1793 ad
1307 1734 1475 1811 quod
1510 1735 1849 1810 gerendum
1887 1754 2055 1812 prae-

246 1835 346 1888 tor
379 1839 417 1890 a
453 1830 684 1908 popule
721 1831 930 1890 factus
965 1840 1092 1890 nen
1129 1831 1333 1892 selum
1370 1837 1689 1908 praesenti
1724 1832 1907 1906 belle,
1945 1833 2056 1894 sed

247 1927 437 1986 etiam
459 1928 700 2005 relique
722 1934 999 2005 tempore
1022 1927 1388 1987 ferecierem
1409 1928 1687 1987 reddidit
1713 1929 2049 1988 civitatem.
2097 1951 2151 2006 15

181 2045 212 2080 2
246 2023 412 2082 Nam
453 2042 596 2083 cum
639 2025 903 2101 pecnnia
944 2024 1213 2101 publica,
1257 2042 1414 2101 quae
1460 2043 1537 2083 ex
1581 2025 1853 2086 metallis
1900 2027 2055 2086 redi-

245 2120 372 2195 bat,
396 2120 727 2197 largitiene
750 2121 1232 2196 magistratuum
1255 2127 1589 2198 quotannis
1614 2122 1917 2196 interiret,
1944 2123 2051 2182 ille

245 2218 558 2294 persuasit
594 2218 826 2295 popule
868 2224 938 2277 ut
979 2227 1054 2276 ea
1094 2218 1358 2295 pecnnia
1398 2218 1615 2278 classis
1658 2225 1909 2278 centum
1951 2230 2053 2279 na-

178 2337 209 2387 3
245 2314 420 2373 vium
463 2315 908 2374 aedificaretur.
1008 2314 1143 2384 Qua
1185 2314 1473 2374 celeriter
1515 2315 1737 2374 effecta
1780 2326 2051 2393 primum

245 2411 624 2489 Corcyraees
653 2411 862 2487 fregit,
896 2411 1119 2470 deinde
1153 2411 1502 2472 maritimes
1537 2413 1879 2489 praedenes
1913 2423 2052 2474 cen·
2087 2437 2153 2472 20

244 2509 540 2568 sectande
567 2527 736 2567 mare
765 2514 973 2568 tutum
1003 2508 1293 2567 reddidit.
1375 2509 1455 2567 In
1484 2518 1608 2585 que
1635 2528 1776 2568 cum
1805 2510 2049 2570 divitiis

241 2605 507 2680 ornavit,
551 2611 684 2664 tum
729 2605 915 2664 etiam
960 2604 1373 2682 peritissimes
1416 2605 1568 2664 belli
1608 2606 1851 2666 navalis
1893 2607 2049 2666 fecit

173 2723 209 2770 4
241 2701 679 2761 Athenienses.
788 2703 867 2760 Id
915 2707 1182 2778 quantae
1234 2701 1425 2761 saluti
1471 2701 1665 2760 fuerit
1718 2703 2047 2762 universae

243 2798 557 2872 Graeciae,
604 2799 770 2858 belle
813 2799 1132 2874 cegnitum
1178 2803 1275 2858 est
1322 2798 1591 2858 Persice.
1688 2799 1856 2858 Nam
1905 2818 2046 2858 cum

237 2895 482 2954 Xerxes
521 2901 583 2954 et
619 2904 779 2954 mari
821 2901 884 2954 et
925 2900 1093 2953 terra
1133 2895 1369 2954 bellum
1410 2895 1737 2955 universae
1782 2896 2047 2956 inferret
2082 2921 2143 2974 25

237 2991 542 3069 Eurepae,
591 3011 731 3051 cum
788 2996 983 3051 tantis
1039 2991 1237 3068 cepiis
1294 3009 1430 3050 eam
1484 2991 1720 3051 invasit
1776 2999 2043 3069 quantas

171 3111 198 3163 5
237 3106 441 3165 neque
496 3094 640 3147 ante
695 3107 808 3147 nec
863 3094 1080 3164 postea
1133 3088 1357 3148 habuit
1416 3088 1783 3166 quisquam:
1855 3089 2041 3149 huius
