2417 3534
917 312 1399 366 ALCIBIADES
1973 298 2055 362 37

253 487 378 546 luit
405 493 469 546 et
500 497 566 546 se
593 487 875 564 Pactyen
905 485 1172 545 contulit
1201 485 1412 563 ibique
1441 484 1567 544 tria
1602 482 1863 543 castella
1902 501 2060 542 com-

254 582 504 658 muniit,
529 582 747 658 Orn68,
773 582 1140 657 Bizanthen,
1170 583 1234 640 N
1238 580 1575 655 eontichos,
1600 588 1913 657 mansique
1940 580 2059 639 col·

255 680 422 740 lecta
449 689 686 757 primus
719 681 992 740 Graecae
1013 678 1293 739 civitatis
1316 678 1382 737 in
1404 677 1769 738 Thraeciam
1790 677 2055 752 introiit,

256 776 586 852 gleriesius
609 776 976 836 existimans
1000 775 1401 836 barbarerum
1430 775 1663 852 praeda
1688 773 2059 850 locupletari

187 897 214 949 5
256 892 444 951 quam
476 873 821 934 Graierum.
895 873 1030 942 Qua
1057 891 1134 931 ex
1164 882 1231 930 re
1252 878 1533 932 creverat
1554 891 1694 930 cum
1722 872 1895 930 fama
1920 877 2056 930 tum
2126 893 2153 947 5

255 970 496 1047 opibus,
527 979 938 1047 magnamque
973 969 1313 1028 amicitiam
1350 969 1472 1029 sibi
1505 987 1645 1028 cum
1684 968 2052 1045 quibusdam

257 1066 506 1141 regibus
535 1067 871 1126 Thraeciae
900 1072 1242 1144 pepererat.

191 1287 212 1321 1
336 1261 521 1320 VIII.
579 1262 801 1338 Neque
840 1266 1049 1320 tamen
1091 1270 1129 1320 a
1168 1261 1429 1320 caritate
1469 1260 1707 1337 patriae
1735 1260 1943 1336 potuit
1970 1278 2057 1318 re-

256 1359 488 1418 cedere.
572 1358 738 1416 Nam
783 1376 924 1416 cum
973 1357 1141 1434 apud
1188 1357 1397 1432 Aegos
1442 1356 1675 1416 flumen
1722 1355 2053 1431 Philocles,

256 1460 505 1532 praetor
548 1454 1049 1528 Atheniensium,
1097 1453 1360 1513 classem
1405 1452 1837 1513 censtituisset
1882 1472 2055 1514 suam
2099 1475 2169 1509 10-

256 1569 458 1628 neque
487 1551 668 1625 longe
709 1550 953 1610 abesset
994 1551 1336 1628 Lysander,
1368 1557 1616 1627 praetor
1656 1551 2059 1608 Lacedaemo·

257 1649 520 1721 nierum,
559 1657 669 1725 qui
710 1648 777 1705 in
818 1657 891 1707 ee
937 1653 1069 1706 erat
1113 1653 1449 1724 occupatus
1496 1652 1566 1705 ut
1607 1645 1840 1704 bellum
1870 1665 2057 1722 quam

256 1743 611 1804 dintissime
655 1745 924 1818 duceret,
956 1744 1122 1820 quod
1165 1743 1321 1821 ipsis
1364 1743 1629 1820 pecunia
1668 1751 1705 1800 a
1747 1752 1890 1816 rege
1920 1763 2058 1819 sup-

255 1841 674 1918 peditabatur,
695 1847 910 1900 contra
937 1840 1431 1899 Atheniensibus
1460 1840 1781 1898 exhaustis
1810 1847 2057 1916 praeter

190 1963 222 1998 2
257 1957 433 1998 arma
460 1944 522 1996 et
550 1947 740 1997 naves
768 1937 930 1995 nihil
961 1943 1094 1996 erat
1136 1957 1339 2014 super,
1370 1936 1731 1995 Alcibiades
1774 1937 1851 1995 ad
1896 1955 2060 1994 exer·
2099 1957 2165 2009 15.

256 2036 454 2094 citum
493 2035 666 2093 venit
714 2033 1196 2093 Atheniensium
1240 2033 1451 2110 ibique
1495 2039 1821 2110 praesente
1868 2033 2057 2107 vulge

257 2151 440 2207 agere
483 2131 718 2208 coepit:
769 2141 826 2190 si
866 2130 1121 2205 vellent,
1160 2140 1226 2190 se
1266 2137 1619 2189 coacturum
1664 2131 2058 2207 Lysandrum

257 2228 558 2288 dimicare
588 2233 696 2287 aut
723 2237 938 2305 pacem
966 2232 1178 2304 petere
1207 2227 1500 2304 spondit3
1538 2227 2057 2287 Lacedaemonies

259 2335 334 2386 ee
383 2325 551 2384 nelle
596 2324 793 2386 classe
836 2324 1184 2399 cenfligere,
1218 2323 1385 2400 quod
1427 2323 1820 2400 pedestribus
1864 2323 2059 2400 cepiis

193 2449 222 2499 3
258 2423 404 2500 plus
434 2441 620 2500 quam
651 2421 914 2481 navibus
943 2420 1261 2495 valerent,
1308 2419 1429 2480 sibi
1459 2426 1663 2478 autem
1696 2438 1829 2480 esse
1871 2419 2059 2479 facile
2098 2442 2175 2476 20·

261 2519 578 2591 Seuthem,
611 2528 815 2593 regem
843 2518 1210 2590 Thraecum,
1250 2517 1555 2576 adducere
1596 2522 1669 2575 ut
1710 2535 1851 2575 eum
1892 2523 2063 2576 terra

259 2615 638 2693 depelleret3
685 2625 808 2692 que
836 2615 1005 2674 facte
1043 2614 1391 2674 necessarie
1434 2620 1541 2672 aut
1583 2612 1779 2672 classe
1823 2613 2064 2672 cenflic-

191 2745 225 2791 4
260 2719 473 2772 turum
529 2718 636 2772 aut
693 2710 926 2770 bellum
981 2710 1485 2787 compositurum.
1598 2709 1677 2768 Id
1734 2716 1854 2769 etsi
1917 2720 2063 2770 vere

261 2810 498 2869 dictum
542 2807 855 2868 Philocles
897 2806 1454 2880 animadvertebat,
1494 2812 1703 2864 tamen
1747 2807 2065 2883 postulata

260 2907 468 2966 facere
513 2905 733 2979 neluit,
781 2905 948 2981 quod
991 2903 1300 2964 sentiebat
1348 2912 1413 2962 se
1448 2902 1775 2962 Alcibiade
1818 2910 2062 2981 recepte
2099 2925 2169 2976 25

260 3002 500 3062 nullius
529 3006 830 3060 mementi
852 3001 1017 3078 apud
1046 2999 1387 3060 exercitum
1411 3000 1695 3059 futurum
1726 3007 1805 3075 et,
1828 3010 1881 3060 si
1910 3001 2061 3076 quid

261 3099 523 3160 secundi
577 3096 908 3172 evenisset,
947 3096 1187 3156 nullam
1242 3097 1311 3156 in
1359 3106 1433 3156 ea
1480 3107 1547 3156 re
1598 3116 1771 3157 suam
1820 3103 2059 3174 partem
