2417 3534
880 288 1364 341 ALCIBIADES
1942 276 2023 341 31

216 466 334 536 est,
379 460 503 520 duo
545 466 867 538 praeterea
914 460 1186 536 collegae
1237 462 1389 537 dati,
1431 461 1649 522 Nicias
1699 468 1763 520 et
1811 463 2026 521 Lama-

148 584 178 619 2
215 559 389 618 chus.
509 557 587 616 Id
641 577 782 617 cum
838 563 1262 635 appararetur,
1318 558 1494 636 prius
1557 577 1745 636 quam
1807 559 2024 619 classis

215 661 436 729 exiret,
488 654 713 714 accidit
769 660 841 713 ut
894 664 1020 714 sina
1071 661 1253 714 nocte
1309 665 1521 715 omnes
1569 657 1861 731 Hermae,
1917 665 2028 732 qui

215 753 284 812 in
320 751 551 829 oppidc
585 757 761 810 erant
790 751 1079 826 Athenis,
1110 751 1502 812 deicerentur
1532 757 1778 828 praeter
1811 763 2024 826 smum,

215 858 331 925 qui
371 854 515 907 ante
558 849 807 908 ianuam
850 853 985 907 erat
1022 848 1336 908 Andocidi
1375 849 1616 926 (itaque
1657 848 1766 908 ille
1808 856 2028 926 postea
2096 871 2124 925 5

147 974 177 1023 3
216 945 569 1004 Mercurius
599 945 911 1004 Andocidi
939 945 1248 1006 vocitatus
1278 947 1419 1027 est).
1505 947 1646 1004 Hac
1675 964 1815 1004 cum
1843 965 2028 1022 appa-

215 1047 384 1101 reret
428 1051 553 1100 nan
597 1041 731 1101 sine
776 1051 1003 1116 magna
1050 1043 1388 1102 multarum
1438 1042 1842 1102 censensicne
1891 1062 2026 1102 esse

215 1139 475 1212 factum,
521 1157 678 1215 quae
726 1148 853 1198 ncn
901 1139 981 1198 ad
1028 1145 1358 1216 privatam,
1411 1140 1520 1199 sed
1576 1140 1656 1198 ad
1710 1139 2026 1216 publicam

215 1255 349 1294 rem
395 1235 753 1312 pertineret,
796 1244 1057 1310 magnus
1113 1235 1511 1294 multitudini
1566 1237 1752 1294 timor
1795 1242 1892 1295 est
1939 1237 2026 1294 in-

215 1332 418 1392 iectus
468 1341 544 1390 ne
590 1350 714 1409 qua
756 1338 1087 1408 repentina
1126 1341 1223 1391 vis
1266 1332 1330 1390 in
1375 1333 1630 1392 civitate
1671 1333 2023 1407 exsisteret,
2069 1354 2127 1389 10

149 1456 181 1504 4
217 1448 378 1506 quae
422 1429 774 1488 libertatem
822 1428 1200 1505 opprimeret
1244 1429 1478 1506 populi.
1571 1430 1712 1488 Hac
1755 1430 2025 1488 maxime

216 1535 547 1585 convenire
588 1525 653 1583 in
691 1524 1083 1585 Alcibiadem
1121 1525 1467 1599 videbatur,
1505 1527 1672 1602 quod
1713 1532 1776 1584 et
1816 1533 2027 1603 poten-

215 1623 341 1682 tior
370 1629 433 1681 et
467 1621 661 1681 maior
690 1640 877 1698 quam
914 1628 1199 1697 privatus
1239 1622 1746 1681 existimabatur:
1792 1623 2024 1682 multas

217 1720 385 1778 enim
440 1718 817 1778 liberalitate
877 1718 1261 1791 devinxerat,
1319 1719 1529 1795 plures
1589 1719 1775 1777 etiam
1839 1728 2027 1795 opera

152 1843 179 1895 5
218 1817 457 1876 forensi
490 1825 633 1876 suas
669 1815 1039 1874 reddiderat.
1121 1815 1258 1886 Qua
1295 1825 1360 1874 re
1400 1815 1599 1874 fiebat
1637 1821 1708 1874 ut
1746 1816 2024 1874 omnium
2067 1838 2122 1890 15

219 1913 447 1988 oculas,
492 1912 1042 1990 quotienscumque
1086 1911 1153 1970 in
1199 1912 1520 1990 publicum
1568 1913 1898 1989 pradisset‚
1946 1914 2026 1972 ad

219 2021 285 2070 se
328 2015 715 2069 converteret
760 2027 959 2086 neque
1008 2019 1069 2068 ei
1114 2018 1229 2086 par
1271 2009 1600 2086 quisquam
1650 2010 1718 2068 in
1766 2011 2024 2070 civitate

218 2113 568 2184 poneretur.
675 2107 899 2183 Itaque
952 2115 1079 2165 nan
1134 2105 1335 2166 sclum
1387 2125 1559 2183 spem
1608 2107 1676 2164 in
1724 2116 1796 2166 e6
1844 2107 2026 2165 habe-

217 2204 369 2264 bant
403 2204 757 2277 maximam,
789 2203 899 2262 sed
936 2203 1128 2263 etiam
1164 2203 1472 2277 bimarem,
1503 2204 1670 2280 quod
1708 2209 1770 2262 et
1809 2204 2023 2264 obesse

152 2311 185 2359 6
221 2301 559 2379 plurimum
588 2307 651 2359 et
678 2301 968 2377 predesse
998 2305 1260 2377 poterat.
1343 2299 1806 2377 Aspergebatur
1833 2300 2023 2360 etiam
2062 2324 2126 2359 20

220 2397 502 2471 infamia,
547 2397 712 2474 quod
758 2396 824 2454 in
868 2397 1050 2456 doma
1101 2403 1216 2457 sua
1261 2397 1467 2456 facere
1516 2397 1819 2474 mysteria
1866 2399 2026 2456 dice·

220 2494 401 2555 batur
443 2495 636 2572 (quod
676 2494 855 2554 nefas
898 2499 1032 2553 erat
1073 2503 1244 2554 m6re
1281 2494 1792 2573 Atheniensium)
1835 2495 2024 2571 idque

219 2601 345 2652 nen
378 2592 458 2652 ad
494 2590 877 2666 religicnem,
913 2591 1023 2651 sed
1059 2590 1139 2651 ad
1177 2590 1669 2650 coniuraticnem
1708 2591 2024 2668 pertinere

222 2689 711 2748 existimabatur.

161 2913 183 2944 x
299 2883 410 2941 IV.
470 2882 610 2941 Hac
658 2881 917 2940 crimine
964 2880 1035 2939 in
1082 2879 1372 2941 canticne
1421 2881 1500 2941 ab
1548 2882 1820 2943 inimicis
1870 2903 2026 2944 com·
2062 2909 2122 2961 25

222 2978 589 3056 pellabatur.
692 2979 815 3038 Sed
859 2978 1135 3038 instabat
1182 2983 1432 3056 tempus
1483 2980 1564 3038 ad
1609 2980 1844 3040 bellum
1893 3001 2028 3059 pro-

222 3075 555 3136 ficiscendi.
648 3075 726 3134 Id
767 3075 875 3134 ille
918 3076 1169 3135 intuens
1210 3095 1412 3155 neque
1455 3085 1748 3156 ignerans
1794 3079 2025 3139 civium
