2417 3534
888 335 1319 390 LYSANDER
1922 322 2003 390 27

199 516 450 586 quaque
477 506 753 582 clvitate,
785 506 1011 586 quibus
1042 526 1351 568 summum
1379 506 1709 585 imperium
1739 511 2007 584 potesta-

197 610 452 682 temque
507 603 784 664 omnium
840 612 1046 664 rerum
1099 603 1533 664 committeret.
1646 604 1890 663 Horum
1938 604 2007 663 in

197 719 529 761 numerum
571 709 753 764 nemo
781 699 1247 776 admittebatur,
1278 699 1403 760 nisi
1432 709 1542 777 qui
1570 705 1679 759 aut
1707 699 1842 760 eius
1869 701 2007 760 hos-

197 797 362 875 pitio
405 796 828 856 contineretur
871 802 980 856 aut
1023 805 1088 857 se
1129 796 1305 857 illius
1347 795 1481 856 fore
1522 796 1843 875 proprium
1880 796 2005 858 fide

193 893 613 954 confirmarat.
2074 917 2100 970 5

131 1113 154 1150 1
283 1085 371 1145 ΙΙ.
431 1085 535 1146 Ita
561 1085 964 1146 decemvirali
991 1091 1303 1163 potestate
1329 1086 1399 1145 in
1426 1085 1712 1146 omnibus
1746 1085 2003 1167 urbibus

198 1182 546 1243 constituta
572 1182 772 1260 ipsius
800 1188 962 1242 nutu
989 1182 1197 1242 omnia
1226 1182 1611 1258 gerebantur.
1698 1181 1891 1243 Cuius
1925 1183 2003 1242 de

196 1278 573 1340 crudelitate
616 1297 687 1338 ac
727 1278 992 1356 perfidia
1033 1279 1185 1339 satis
1224 1284 1323 1338 est
1354 1288 1541 1338 unam
1570 1297 1701 1338 rem
1730 1278 2005 1356 exempli

199 1375 406 1452 gratia
459 1375 756 1453 proferre,
805 1385 884 1434 ne
939 1375 1019 1435 de
1073 1376 1291 1435 eodem
1344 1375 1529 1452 plura
1584 1375 2003 1436 enumerando

129 1498 162 1535 2
199 1472 618 1548 defatigemus
647 1471 928 1532 lectores.
1013 1471 1231 1532 Victor
1260 1489 1338 1530 ex
1365 1471 1523 1532 Asia
1563 1490 1705 1530 cum
1740 1477 2003 1532 reverte·
2043 1497 2103 1533 ιο

197 1574 373 1629 retur
401 1568 800 1646 Thasumque
830 1567 1221 1643 devertisset,
1253 1568 1420 1646 quod
1453 1586 1527 1628 ea
1567 1568 1790 1628 civitas
1832 1587 2002 1646 prae·

195 1665 385 1742 cipue,
430 1664 554 1726 fide
602 1664 810 1724 fuerat
853 1673 1000 1740 erge.
1047 1662 1485 1739 Athenienses,
1524 1663 1785 1741 proinde
1830 1683 1901 1724 ac
1946 1674 2002 1725 s1

196 1771 328 1823 non
367 1761 558 1823 iidem
595 1760 951 1822 firmissim1
987 1761 1261 1822 solerent
1302 1778 1436 1822 esse
1478 1769 1681 1836 am1ci,
1714 1770 1824 1838 qut
1864 1770 2002 1822 con-

198 1863 441 1920 stantes
475 1857 748 1919 fuissent
780 1857 1038 1932 inimict,
1067 1862 1422 1934 pervertere
1456 1875 1591 1918 eam
1624 1857 1996 1934 concupivit.

130 1981 163 2033 3
196 1954 380 2016 V1dit
423 1959 650 2029 autem,
678 1953 803 2014 nisi
843 1953 912 2012 in
953 1962 1026 2014 eo
1055 1954 1426 2014 occultasset
1467 1953 1873 2030 voluntatem,
1909 1954 2003 2013 fu·
2042 1980 2098 2033 15

195 2058 412 2114 turum
439 2055 511 2111 ut
538 2049 758 2112 Thasii
791 2050 1219 2111 dilaberentur
1259 2049 1777 2128 consulerentque
1818 2051 2000 2112 rebus

199 2157 508 2210 suls...

137 2365 157 2403 1
280 2341 408 2401 ΙΙΙ.
466 2340 689 2418 Itaque
738 2339 787 2400 i1
833 2339 1309 2402 decemviralem
1357 2345 1731 2418 potestatem
1777 2341 1854 2402 ab
1890 2340 2003 2402 illo

199 2438 607 2501 constitutam
637 2438 1041 2499 sustulerunt.
1126 2438 1263 2508 Quo
1291 2437 1501 2498 dolore
1530 2436 1819 2499 incensus
1856 2437 2004 2499 iniit

196 2534 462 2596 consilia
488 2543 662 2612 reges
692 2534 1324 2596 Lacedaemoniorum
1353 2533 1588 2594 tollere.
1676 2535 1799 2595 Sed
1819 2534 2005 2595 senti·
2040 2560 2102 2597 20

199 2633 343 2693 ebat
384 2631 452 2692 id
492 2640 558 2692 se
600 2631 734 2693 sine
775 2649 891 2708 ope
935 2632 1187 2692 deorum
1220 2631 1424 2692 facere
1454 2639 1579 2693 non
1606 2649 1805 2709 posse,
1836 2631 2006 2710 quod

198 2728 677 2790 Lacedaemonii
705 2727 915 2789 omnia
941 2728 1022 2789 ad
1050 2727 1301 2789 oracula
1335 2728 1569 2788 referre
1612 2734 2000 2790 consuerant.

135 2848 165 2886 2
197 2826 482 2886 Primum
510 2824 889 2902 Delphicum
917 2843 1309 2903 corrumpere
1345 2830 1442 2886 est
1484 2830 1759 2886 conatus.
1847 2826 2005 2888 Cum

197 2923 265 2984 id
319 2931 448 2985 non
496 2921 822 3000 potuisset,
867 2922 1275 2983 Dodonaeum
1325 2923 1579 2983 adortus
1636 2928 1747 2982 est.
1833 2923 2003 2984 Hinc

198 3028 446 3099 queque
475 3018 762 3097 repulsus
792 3017 958 3078 dixit
988 3027 1053 3079 se
1082 3024 1231 3078 vota
1268 3018 1631 3096 suscepisse,
1661 3037 1820 3097 quae
1863 3020 2005 3080 Iov1
2040 3043 2101 3098 25

197 3117 544 3178 Hammoni
599 3115 884 3192 solveret,
952 3114 1319 3176 ex1stimans
1374 3123 1440 3176 se
1494 3102 1688 3178 Kfros
1751 3116 2002 3178 facilius
