2417 3534
360 311 446 376 34
887 323 1268 375 CORNELII
1306 322 1647 374 NEPorzs

360 496 720 556 cavendmn.
826 496 1050 572 Itaque
1099 493 1180 554 ad
1228 492 1730 571 Tissaphernem,
1780 493 2173 571 praefectum

295 621 325 670 3
359 593 525 669 regis
573 594 772 667 Darii,
821 602 885 652 se
933 591 1219 652 contulit.
1319 591 1512 652 Cuius
1560 609 1702 650 cum
1755 590 1825 650 in
1878 590 2173 651 intimam

361 690 701 750 amicitiam
736 689 1124 768 pervenisset
1159 694 1223 748 et
1258 687 1744 748 Atheniensium
1777 686 1940 747 male
1975 692 2173 763 gestis

361 787 429 846 in
469 787 687 847 Sicilia
722 786 904 846 rebus
945 795 1092 863 opes
1135 794 1473 859 senescere,
1511 789 1729 844 contra
1764 783 2175 844 Lacedaemo-

360 884 606 944 niorum
643 892 916 943 crescere
953 881 1215 957 videret,
1251 881 1436 941 initio
1473 899 1615 940 cum
1652 881 1962 941 Pisandro
1998 898 2174 958 prae-
2252 904 2287 957 5

361 986 513 1055 tere,
575 990 686 1058 qut
747 979 916 1057 apud
978 978 1233 1039 Samum
1298 977 1639 1037 exercitum
1706 977 1993 1052 habebat,
2056 995 2173 1054 per

360 1077 780 1137 internuntios
843 1075 1221 1153 colloquitur
1282 1079 1347 1134 et
1410 1074 1488 1133 de
1555 1074 1763 1135 reditu
1832 1083 1944 1134 suo
2010 1073 2173 1134 facit

360 1175 757 1234 mentionem.
855 1174 924 1233 Is
971 1177 1106 1232 erat
1154 1171 1321 1232 enim
1370 1171 1587 1231 eodem
1636 1180 1759 1249 quo
1807 1170 2173 1232 Alcibiades

363 1281 566 1347 sensu,
604 1270 822 1348 populi
858 1269 1174 1347 potentiae
1217 1277 1345 1328 nen
1385 1277 1619 1328 amicus
1664 1273 1727 1327 et
1767 1267 2174 1345 optimatium

294 1396 328 1444 4
360 1369 588 1427 fautor.
692 1366 795 1426 Ab
840 1366 958 1426 hoc
1014 1365 1355 1425 destitutus
1410 1364 1686 1442 primum
1742 1382 1853 1441 per
1900 1365 2175 1442 Thrasy-
2218 1386 2289 1422 ιο

361 1464 597 1538 bulum,
643 1464 800 1540 LycI
838 1463 1068 1536 filium,
1112 1461 1192 1521 ab
1236 1461 1515 1521 exercitu
1557 1460 1858 1538 recipitur
1897 1466 2175 1538 praetor-

362 1579 482 1638 que
524 1560 598 1621 fit
641 1560 809 1637 apud
854 1559 1124 1633 Samum,
1168 1563 1313 1635 post
1356 1558 1738 1634 suffragante
1780 1557 2172 1617 Theramene

361 1657 580 1735 populi
642 1662 797 1718 scite
865 1655 1222 1717 restituitur
1281 1664 1542 1732 parique
1611 1655 1833 1715 absens
1903 1654 2173 1732 imperio

361 1755 720 1832 praeficitur
764 1752 951 1814 simul
1007 1772 1147 1813 cum
1196 1752 1592 1830 Thrasybulo
1649 1758 1712 1812 et
1758 1751 2169 1812 Theramene.

297 1878 324 1930 5
363 1852 607 1912 Horum
652 1851 720 1910 in
763 1849 1024 1927 imperio
1067 1855 1248 1908 tanta
1293 1847 1696 1909 commutatio
1744 1857 1950 1908 rerum
1998 1848 2177 1909 facta
2219 1872 2281 1925 15

362 1954 476 2022 est,
545 1952 618 2007 ut
686 1946 1178 2020 Lacedaemonii,
1250 1955 1360 2022 qui
1427 1945 1615 2022 paule
1688 1951 1833 2005 ante
1900 1951 2173 2006 victores

360 2045 709 2120 viguerant,
752 2043 1074 2122 perterriti
1116 2052 1333 2120 pacem
1383 2047 1680 2119 peterent.
1781 2042 1953 2103 Victi
2000 2041 2173 2101 enim

361 2148 540 2202 erant
595 2151 871 2219 quinque
929 2139 1185 2217 proeliis
1248 2139 1667 2214 terrestribuS,
1722 2138 1924 2199 tribus
1985 2144 2173 2198 nava-

361 2239 546 2314 libus,
603 2239 669 2303 in
725 2237 952 2315 quibus
1007 2236 1307 2296 ducentas
1361 2245 1555 2296 naves
1608 2235 1896 2295 triremes
1953 2245 2175 2296 amise-

360 2341 521 2410 rant,
559 2354 716 2412 quae
753 2339 972 2412 captae
1011 2333 1077 2392 in
1113 2332 1390 2394 hostium
1428 2338 1730 2392 venerant
1771 2337 2168 2410 potestatem.
2210 2356 2285 2392 20

296 2446 329 2495 6
361 2433 722 2493 Alcibiades
780 2430 966 2491 simul
1021 2449 1161 2490 omn
1217 2430 1472 2506 collegis
1527 2436 1847 2507 receperat
1904 2429 2171 2505 Ioniam,

361 2530 866 2608 Hellespontum,
929 2528 1160 2588 multas
1231 2532 1555 2604 praeterea
1622 2528 1805 2587 urbes
1877 2527 2169 2602 Graecae,

362 2646 519 2705 quae
554 2627 622 2686 in
657 2635 764 2686 era
797 2625 954 2685 sitae
995 2628 1141 2684 sunt
1170 2623 1527 2698 Thraeciae,
1557 2633 1822 2701 quarum
1859 2632 2174 2700 expugna-

361 2731 504 2784 rant
558 2722 926 2801 complures,
982 2721 1050 2780 in
1105 2730 1194 2780 eis
1252 2720 1647 2798 Byzantium,
1702 2738 1905 2798 neque
1959 2720 2171 2780 minus

361 2821 592 2880 multas
631 2819 893 2880 consilio
931 2818 1011 2878 ad
1049 2817 1391 2877 amicitiam
1429 2817 1862 2889 adiunxerant,
1898 2817 2065 2894 quod
2100 2815 2173 2875 in
2210 2839 2277 2892 25

299 2944 326 2997 7
361 2923 578 2996 captos
623 2914 958 2976 clementia
999 2915 1253 2974 fuerant
1294 2923 1411 2974 sisi.
1513 2914 1618 2972 Ita
1659 2914 1893 2991 praeda
1939 2919 2170 2988 onusti,

361 3014 743 3092 locupletato
781 3011 1075 3087 exercitu,
1106 3009 1397 3070 maximis
1436 3009 1618 3070 rebus
1658 3014 1848 3086 gestis
1884 3009 2171 3070 Athenas

362 3115 686 3170 venerunt.
