2417 3534
885 326 1461 379 THEMISTocLEs
1984 315 2065 380 15

265 515 403 558 cum
455 495 792 556 classiariis
850 497 1038 572 regiis
1093 497 1394 556 cenflixit.
1499 496 1845 573 Angustias
1904 498 2069 558 enim

265 593 716 654 Themistocles
773 596 1125 671 quaerebat,
1183 603 1263 653 ne
1322 594 1731 653 multitudine
1794 594 2072 654 circumi-

199 719 231 769 3
264 697 449 750 retur.
543 690 714 748 Hinc
756 697 877 749 etsi
921 699 1058 767 pari
1101 690 1339 767 proelic
1384 690 1816 766 discesserant,
1860 697 2071 752 tamen

265 788 480 848 eedem
521 787 655 846 loce
691 797 818 846 nen
858 792 1004 847 sunt
1045 796 1182 846 ausi
1224 797 1493 862 manere,
1534 789 1701 865 quod
1743 795 1878 848 erat
1919 799 2073 866 peri-

265 884 494 958 culum,
531 893 628 958 ne,
665 893 720 943 si
752 901 896 960 pars
929 883 1182 942 navium
1228 885 1722 944 adversarierum
1755 886 2065 946 Euboeam
2142 908 2167 962 5

196 1008 232 1056 4
268 985 640 1057 superasset,
706 979 970 1057 ancipiti
1038 987 1469 1058 premerentur
1530 982 1824 1058 pericule.
1938 983 2070 1052 Que

265 1077 503 1136 factum
553 1083 648 1136 est
695 1082 768 1136 ut
816 1077 894 1136 ab
939 1076 1282 1136 Artemisie
1333 1077 1722 1137 discederent
1777 1084 1839 1137 et
1894 1079 2074 1138 exad-

266 1192 547 1234 versum.
583 1173 869 1233 Athenas
940 1173 1107 1251 apud
1178 1172 1496 1234 Salamina
1564 1174 1826 1235 classem
1896 1193 2071 1234 suam

265 1270 733 1330 censtituerent.

348 1529 481 1588 §1V.
525 1529 719 1576 Xerxes
748 1529 982 1589 destroys
1013 1530 1099 1577 the
1130 1531 1431 1578 abandoned
1464 1530 1571 1590 city
1600 1532 1655 1577 of
1686 1532 1895 1580 Athens,
1959 1531 2073 1579 See-

265 1604 354 1663 ing
377 1594 467 1650 the
492 1603 660 1650 Greek
688 1601 809 1650 fleet
836 1603 888 1649 in
917 1604 1109 1662 danger
1133 1605 1189 1649 of
1216 1605 1519 1663 dispersing,
1544 1605 1923 1661 Themistoclea,
1947 1607 2015 1665 by
2041 1619 2071 1653 a

265 1683 563 1736 stratagem,
589 1690 768 1723 causes
795 1679 882 1723 the
914 1678 1217 1724 barbarians
1245 1682 1299 1724 to
1327 1679 1506 1725 attack
1533 1683 1589 1725 at
1616 1692 1755 1726 once.
1818 1679 1959 1738 They
1984 1693 2070 1727 are

265 1751 518 1798 defeated.

345 1853 370 1912 ἕ
392 1856 454 1902 V.
497 1856 569 1902 To
593 1859 806 1914 prevent
834 1856 922 1901 the
946 1854 1198 1901 Persians'
1225 1854 1439 1913 making
1462 1867 1494 1900 a
1518 1854 1701 1900 second
1726 1855 1923 1910 attack‚
1946 1855 2072 1901 The-

263 1929 520 1976 mistocles
541 1929 758 1975 informs
779 1930 867 1975 the
887 1928 1014 1987 king
1035 1930 1150 1974 that
1171 1929 1251 1974 his
1273 1932 1465 1974 retreat
1486 1927 1531 1973 is
1551 1927 1605 1973 in
1624 1927 1817 1985 danger
1836 1928 1892 1974 of
1918 1928 2071 1987 being

263 2008 352 2050 cut
373 2002 462 2049 off.
525 2003 718 2050 Xerxes
739 2005 948 2049 hastens
967 2002 1098 2048 back
1121 2006 1174 2048 to
1195 2002 1335 2048 Asia.

345 2144 454 2204 IV.
514 2144 604 2204 At
633 2145 876 2204 Xerxes
903 2142 1343 2221 Thermopylis
1377 2149 1749 2220 expugnatis
1782 2143 2066 2220 pretinus
2110 2167 2168 2204 10

261 2240 524 2301 accessit
558 2247 700 2300 astu
735 2241 923 2317 idque
961 2240 1154 2300 millis
1193 2239 1676 2299 defendentibus
1717 2238 2066 2300 interfectis

263 2337 705 2412 sacerdotibus,
738 2346 892 2414 ques
925 2336 993 2395 in
1027 2355 1166 2396 arce
1204 2335 1547 2410 invenerat,
1583 2334 1870 2396 incendic
1909 2337 2068 2396 dele-

261 2433 373 2492 vit.
462 2433 654 2495 Cuius
683 2433 932 2492 flamma
959 2432 1281 2510 perterriti
1308 2431 1615 2493 classiarii
1642 2451 1779 2491 cum
1816 2443 2065 2493 manere

260 2540 387 2591 non
417 2530 718 2590 auderent
752 2536 816 2590 et
848 2529 1106 2608 plurimi
1141 2529 1541 2589 hortarentur
1569 2534 1641 2588 ut
1676 2529 1888 2590 domes
1922 2539 2065 2591 suas

261 2627 654 2687 discederent
684 2627 1128 2704 moenibusque
1164 2635 1229 2686 se
1266 2625 1692 2700 defenderent,
1722 2626 2066 2687 Themisto-
2107 2650 2163 2704 15

261 2722 388 2783 cles
415 2733 578 2783 unus
608 2723 844 2782 restitit
879 2728 940 2783 et
975 2722 1299 2782 universes
1334 2731 1515 2799 pares
1554 2741 1689 2783 esse
1728 2742 1911 2800 posse
1948 2724 2066 2784 aie-

259 2819 386 2893 bat,
411 2819 722 2897 disperses
751 2819 1098 2887 testabatur
1124 2817 1454 2896 peritures,
1481 2819 1668 2896 idque
1696 2819 2061 2899 Eurybiadi,

259 2925 395 2991 regi
443 2916 1087 2991 Lacedaemonierum,
1138 2923 1251 2994 qui
1297 2920 1432 2974 tum
1482 2934 1758 2976 summae
1814 2915 2065 2995 imperii

194 3038 224 3085 3
257 3017 563 3090 praeerat,
600 3012 735 3071 fore
773 3011 1131 3071 affirmabat.
1219 3012 1414 3082 Quem
1452 3029 1592 3071 cum
1630 3011 1837 3073 minus
1878 3033 2062 3090 quam

261 3107 454 3168 vellet
499 3113 792 3185 moveret,
837 3115 1026 3168 noctu
1070 3109 1147 3168 de
1193 3118 1390 3170 servis
1437 3118 1568 3170 suis
1614 3127 1797 3187 quem
1841 3109 2063 3170 habuit
2100 3131 2163 3166 20
