2417 3534
378 258 461 322 32
905 275 1282 326 CORNELII
1320 273 1659 324 NEPorzs

378 451 629 502 suerum
677 444 1191 504 censuetudinem
1241 443 1617 520 postulabat,
1666 451 1721 502 si
1774 443 1927 519 quid
1984 441 2059 501 de
2116 451 2189 502 se

377 548 479 613 agi
508 539 761 610 vellent,
792 541 1000 617 potius
1036 541 1112 599 de
1147 545 1474 616 praesente
1509 539 1791 617 quaestie
1830 539 2186 614 haberetur,

312 655 342 690 2
377 654 563 711 quam
593 637 815 696 absens
846 637 1123 695 invidiae
1151 637 1410 696 crimine
1440 642 1849 696 accusaretur.
1931 636 2190 694 Inimici

377 741 523 791 vere
563 733 696 792 eius
735 733 1181 809 quiescendum
1219 733 1289 791 in
1324 739 1656 810 praesenti,
1694 733 1844 809 quia
1878 741 2089 791 noceri
2125 742 2191 790 ei

376 839 502 888 nen
551 848 733 906 posse
787 830 1254 904 intellegebant,
1306 835 1370 889 et
1423 829 1583 888 illud
1635 834 1882 906 tempus
1938 847 2189 905 exspec-
2266 852 2297 903 5

376 926 635 985 tandum
679 927 1105 1001 decreverunt,
1143 934 1267 1003 que
1308 926 1526 986 classis
1569 930 1819 1000 exisset,
1858 931 1930 984 ut
1972 926 2191 984 absen-

312 1045 342 1095 3
375 1030 504 1080 tem
527 1024 1026 1097 aggrederentur,
1051 1023 1265 1100 itaque
1286 1023 1588 1082 fecerunt.
1656 1023 1824 1082 Nam
1852 1027 2184 1098 postquam

376 1118 445 1176 in
485 1119 760 1178 Siciliam
805 1138 946 1178 eum
988 1120 1350 1197 pervenisse
1388 1118 1808 1192 crediderunt,
1845 1120 2186 1192 absentem,

378 1216 545 1292 quod
593 1234 768 1275 sacra
815 1216 1130 1290 violasset,
1178 1235 1352 1275 reum
1400 1217 1702 1274 fecerunt.
1806 1215 1943 1284 Qua
1991 1215 2069 1274 de
2116 1224 2187 1273 re

377 1330 518 1370 cum
567 1322 626 1370 ei
672 1313 932 1372 mintius
985 1322 1022 1371 a
1069 1313 1444 1388 magistrata
1497 1312 1565 1370 in
1621 1311 1896 1371 Siciliam
1955 1321 2186 1372 missus
2232 1333 2300 1369 10

378 1414 560 1482 esset,
591 1414 666 1467 ut
693 1410 943 1468 domum
973 1410 1053 1467 ad
1079 1427 1328 1468 causam
1359 1409 1687 1467 dicendam
1720 1409 1969 1481 rediret,
2000 1413 2190 1467 esset-

379 1524 500 1582 que
531 1505 600 1563 in
633 1515 860 1581 magna
897 1524 1006 1583 spe
1045 1505 1401 1582 provinciae
1439 1505 1595 1564 bene
1634 1505 2185 1579 administrandae,

377 1612 504 1661 nen
558 1612 774 1679 parere
821 1603 1026 1662 neluit
1075 1609 1138 1661 et
1185 1602 1255 1661 in
1307 1602 1646 1676 triremem,
1694 1620 1853 1678 quae
1908 1603 1987 1660 ad
2042 1619 2185 1659 eum

311 1725 345 1771 4
379 1705 514 1757 erat
561 1699 1016 1775 deportandum
1065 1708 1277 1774 missa,
1324 1699 1622 1758 ascendit.
1729 1699 1869 1756 Hac
1914 1698 2187 1758 Tharies

378 1795 446 1853 in
501 1783 755 1853 Ttaliam
813 1802 1158 1872 pervectUS,
1215 1795 1419 1854 multa
1474 1803 1679 1854 secum
1745 1800 2044 1870 reputans
2107 1795 2186 1854 de
2233 1814 2292 1867 15

379 1892 788 1950 immoderata
825 1891 1056 1950 civium
1095 1901 1348 1950 suerum
1393 1890 1651 1950 licentia
1690 1890 2187 1967 crudelitateque

379 1997 526 2062 erga
545 1987 803 2062 nebileS,
829 1987 1236 2048 utilissimum
1258 1993 1432 2047 ratus
1457 1987 1919 2064 impendentem
1950 1987 2187 2046 evitare

380 2090 834 2161 tempestatem,
885 2085 1045 2143 clam
1096 2093 1162 2143 se
1212 2085 1290 2143 ab
1344 2085 1708 2143 custodibus
1766 2083 2068 2143 subdfixit
2124 2090 2189 2143 et

313 2208 340 2260 5
377 2181 524 2239 inde
581 2190 849 2258 primum
906 2168 1173 2254 Elidem,
1226 2180 1372 2238 dein
1420 2181 1666 2239 Thebas
1714 2181 1904 2238 venit.
2010 2181 2189 2239 Post·

378 2296 564 2354 quam
605 2283 813 2335 autem
851 2286 917 2336 se
956 2277 1182 2353 capitis
1223 2277 1585 2335 damnatum
1628 2276 1805 2336 bonis
1850 2276 2186 2352 publicatis
2230 2299 2295 2333 20

377 2374 637 2447 audivit,
683 2379 761 2446 et,
805 2373 873 2431 id
917 2374 1083 2449 quod
1125 2391 1467 2449 numquam
1514 2378 1697 2431 antea
1744 2382 1865 2431 usu
1908 2379 2185 2446 venerat,

375 2470 784 2546 Eumolpidas
829 2470 1176 2529 sacerdetes
1220 2479 1257 2528 a
1299 2468 1530 2546 popule
1572 2475 1817 2528 coactes
1862 2474 1933 2527 ut
1978 2477 2044 2528 se
2089 2469 2190 2528 de-

374 2573 692 2640 voverent,
752 2567 1007 2643 eiusque
1069 2565 1422 2624 devetienis
1484 2574 1609 2641 que
1669 2565 1959 2624 testatior
2020 2572 2191 2624 esset

377 2663 689 2736 memoria,
737 2662 1091 2739 exemplum
1141 2662 1208 2720 in
1257 2661 1390 2738 pila
1435 2661 1688 2738 lapidea
1734 2661 2001 2720 incisum
2050 2679 2189 2720 esse

376 2759 651 2836 positum
720 2759 787 2816 in
856 2758 1123 2836 publice,
1192 2758 1722 2817 Lacedaemonem
1792 2757 2184 2831 demigravit.
2232 2781 2295 2833 25

311 2867 342 2915 6
377 2856 496 2928 Ibi,
553 2861 624 2913 ut
681 2855 816 2932 ipse
875 2855 1233 2932 praedicare
1293 2861 1639 2927 censuerat,
1696 2863 1824 2913 nen
1886 2854 2188 2913 adversus

376 2951 664 3027 patriam,
735 2952 846 3010 sed
915 2950 1202 3010 inimices
1272 2959 1416 3010 sues
1485 2950 1719 3010 bellum
1792 2950 2004 3025 gessit,
2076 2959 2191 3026 qui

377 3049 581 3106 eidem
629 3048 840 3107 hostes
889 3053 1098 3107 essent
1145 3046 1429 3123 civitati3
1486 3065 1633 3106 nam
1681 3065 1821 3106 cum
1870 3046 2195 3122 intellege-
