2417 3534
880 327 1024 377 ΜΠ)
1033 323 1315 377 TIADES
1957 308 1995 377 ’ἴ

206 504 586 577 perventura,
632 497 1085 558 Chersonesum
1130 494 1390 572 reliquit
1433 511 1504 554 ac
1548 503 1762 554 rursus
1807 493 1999 554 Athe—

202 606 305 656 nas
338 595 728 670 demigravit.
808 593 998 652 Cuius
1032 591 1193 651 ratis>
1230 597 1351 651 etsi
1382 600 1507 651 nen
1536 591 1756 665 valuit,
1785 596 1997 651 tamen

202 701 416 768 magne
465 709 651 768 opere
700 696 797 751 est
846 687 1175 763 laudanda,
1227 706 1368 747 cum
1417 688 1672 748 amicior
1719 687 1998 748 omnium

202 789 471 848 libertati
514 807 700 865 quam
744 805 889 848 suae
932 785 1128 845 fuerit
1168 785 1597 845 dominatieni.

272 983 380 1042 IV.
440 983 670 1040 Darius
709 985 936 1054 autem,
966 998 1106 1039 cum
1146 997 1225 1038 ex
1261 979 1516 1055 Eurepe,
1551 978 1618 1036 in
1651 977 1870 1038 Asiam
1907 997 1995 1038 re-
2065 1006 2091 1059 5

200 1078 405 1152 disset,
457 1077 853 1137 hortantibus
910 1085 1125 1136 amicis
1181 1082 1254 1135 ut
1305 1075 1630 1136 Graeciam
1686 1075 1996 1150 redigeret

200 1174 260 1232 in
292 1193 466 1234 suam
501 1179 893 1251 potestatem,
924 1172 1186 1232 classem
1223 1177 1704 1248 quingentarum
1737 1171 1993 1230 navium

198 1270 576 1348 comparavit
613 1279 794 1347 eique
832 1269 1047 1328 Datim
1090 1269 1398 1346 praefecit
1435 1275 1500 1328 et
1532 1268 1993 1347 Artaphernem

198 1365 391 1443 iisque
422 1367 688 1425 ducenta
714 1366 1015 1443 peditum,
1039 1366 1254 1424 decem
1283 1365 1565 1443 equitum
1594 1365 1772 1424 milia
1800 1365 1991 1439 dedit,

198 1479 439 1522 causam
482 1462 861 1522 interserens
906 1471 973 1522 se
1013 1461 1257 1522 hostem
1303 1480 1437 1522 esse
1480 1462 1990 1536 AtheniensibuS,
2035 1487 2104 1522 10.

197 1559 355 1635 quod
383 1568 595 1617 cerum
625 1557 859 1617 auxilie
892 1558 1076 1617 Ienes
1114 1559 1326 1618 Sardis
1362 1564 1826 1636 expugnassent
1862 1577 1995 1618 sua-

196 1674 309 1732 que
364 1655 677 1733 praesidia
730 1655 1209 1714 interfecissent.
1311 1654 1422 1713 Illi
1476 1656 1782 1732 praefecti
1836 1655 1992 1731 regii

194 1751 385 1812 classe
428 1752 509 1811 ad
549 1751 865 1810 Euboeam
910 1751 1175 1828 appulsa
1218 1751 1504 1811 celeriter
1545 1751 1858 1811 Eretriam
1903 1763 1994 1812 ce—

194 1854 415 1923 perunt
475 1857 813 1925 omnesque
876 1848 1009 1907 eius
1072 1847 1278 1922 gentis
1340 1857 1508 1907 cives
1571 1848 1861 1925 abreptes
1924 1849 1994 1907 in

194 1943 406 2004 Asiam
472 1944 553 2003 ad
616 1953 825 2020 regem
889 1949 1208 2004 miserunt.
1334 1945 1492 2002 Inde
1561 1945 1642 2004 ad
1708 1945 1987 2005 Atticam
2033 1973 2051 2007 1
2061 1971 2098 2024 ς

193 2047 581 2101 accesserunt
622 2059 691 2100 ac
736 2049 878 2100 sues
921 2040 1130 2117 cepias
1174 2040 1245 2098 in
1289 2057 1576 2117 campum
1618 2042 1994 2102 Marathona

193 2135 597 2196 deduxerunt.
720 2137 787 2197 Is
846 2137 1023 2197 abest
1080 2136 1157 2195 ab
1215 2136 1447 2214 oppide
1509 2137 1755 2196 circiter
1815 2139 1993 2198 milia

190 2249 483 2308 passuum
534 2234 761 2292 decem.
868 2233 1007 2292 Hec
1055 2233 1334 2292 tumultu
1382 2232 1804 2294 Athenienses
1860 2241 1990 2294 tam

189 2339 535 2407 propinque
582 2335 836 2407 tamque
889 2339 1116 2405 magne
1170 2336 1440 2407 permeti
1492 2331 1798 2390 auxilium
1851 2351 1992 2392 nus-

188 2444 373 2502 quam
435 2427 561 2487 nisi
626 2436 663 2486 e.
726 2427 1235 2487 Lacedaemoniis
1305 2432 1668 2504 petiverunt
1735 2427 1992 2505 Phidip-
2025 2453 2092 2488 2c

186 2541 475 2601 pumque,
520 2533 830 2584 curserem
873 2523 1005 2584 eius
1049 2523 1292 2598 generis
1336 2532 1446 2600 qui
1487 2523 1988 2583 hemerodromoe

186 2626 504 2694 vocantur,
563 2620 1089 2680 Lacedaemonem
1153 2626 1477 2695 miserunt,
1533 2626 1607 2679 ut
1667 2620 1990 2680 nuntiaret

140 2761 153 2780 .
185 2732 372 2790 quam
421 2716 742 2776 celerrime
792 2735 946 2794 opus
997 2735 1130 2777 esse
1180 2717 1434 2776 auxilie.
1539 2718 1726 2775 Domi
1781 2724 1988 2777 autem

182 2817 399 2871 creant
448 2814 658 2872 decem
707 2819 1041 2890 praetereS,
1092 2823 1204 2890 qui
1253 2813 1556 2872 exercitui
1608 2820 1986 2890 praeessent,

181 2905 252 2964 in
293 2917 383 2968 eis
427 2909 800 2969 Miltiadem.
892 2910 1070 2968 Inter
1112 2919 1268 2987 ques
1310 2919 1537 2985 magna
1576 2910 1704 2970 fuit
1743 2917 1989 2971 conten·
2023 2935 2093 2988 25

181 3002 292 3078 tie,
350 3010 560 3065 utrum
620 3005 943 3066 moenibus
1004 3015 1069 3066 se
1129 3006 1539 3066 defenderent
1600 3025 1680 3066 an
1741 2998 1986 3067 obviam

122 3117 149 3168 5
183 3105 349 3160 irent
388 3101 674 3162 hostibus
720 3101 974 3181 acieque
1020 3102 1435 3162 decernerent.
1529 3091 1711 3164 Unus
1754 3103 1987 3162 Miltia-
