2417 3534
350 307 435 370 58
875 316 1254 367 CORNELII
1291 316 1633 368 NEPOTIS

348 486 622 545 drumeti
668 484 943 563 reliques
992 495 1025 544 e
1073 485 1228 560 fuga
1274 484 1546 561 collegit,
1591 494 1771 546 novis
1815 485 2150 547 dilectibus

348 592 563 659 paucis
592 582 811 642 diebus
840 581 1071 642 multes
1100 582 1432 641 contraxit.

286 800 307 835 1
427 776 576 835 VII.
637 776 793 835 Cum
815 776 882 834 in
905 775 1266 853 apparande
1287 775 1584 835 acerrime
1607 781 1772 836 esset
1793 781 2148 853 occupatuS‚

348 871 912 947 Karthaginienses
959 872 1197 932 bellum
1243 890 1384 931 eum
1439 873 1742 932 Remanis
1796 882 2152 950 composue-

348 975 509 1027 runt.
595 969 717 1027 Ille
764 968 966 1029 nihile
1016 969 1212 1028 setius
1263 968 1567 1027 exercitui
1610 974 1830 1046 postea
1873 968 2150 1045 praefuit
2223 994 2253 1047 5

347 1074 569 1141 resque
617 1064 685 1122 in
728 1052 950 1124 Kfriea
990 1065 1185 1141 gessit
1225 1083 1426 1140 usque
1469 1065 1549 1124 ad
1590 1066 1660 1124 P.
1704 1064 2050 1142 Sulpicium
2079 1065 2144 1125 O.

282 1185 311 1220 2
346 1162 675 1220 Aurelium
704 1160 1005 1227 eonsules.
1090 1163 1216 1222 His
1246 1162 1413 1220 enim
1440 1161 1912 1237 magistratibus
1955 1160 2150 1237 legati

347 1258 913 1332 Karthaginienses
982 1258 1249 1317 Remam
1316 1263 1640 1333 venerunt,
1717 1268 1828 1335 qui
1901 1264 2150 1318 senatui

346 1354 699 1431 populeque
749 1355 1034 1414 Remane
1076 1354 1311 1431 gratias
1356 1360 1631 1431 agerent,
1671 1355 1839 1431 quod
1882 1373 2023 1414 (311111
2066 1355 2148 1415 iis

345 1460 562 1528 pacem
605 1450 921 1524 fecissent,
952 1451 1031 1511 ob
1073 1469 1334 1529 eamque
1377 1470 1507 1510 rem
1554 1460 1782 1511 corena
1821 1461 2011 1511 aurea
2043 1460 2147 1511 ees
2187 1474 2254 1511 ιο

346 1549 649 1607 donarent
678 1547 990 1624 simulque
1018 1554 1321 1624 peterent,
1351 1553 1423 1606 ut
1465 1548 1713 1608 obsides
1755 1556 1972 1607 eerum
2006 1549 2151 1607 Fre-

201 1718 208 1723 ·
280 1667 308 1718 3
345 1645 528 1721 gellis
558 1650 765 1705 essent
792 1651 1150 1723 captivique
1179 1645 1606 1704 redderentur.
1690 1644 1815 1705 His
1858 1663 1936 1704 ex
1979 1654 2150 1705 sena-

343 1748 447 1803 tus
489 1742 773 1802 censulte
814 1751 1182 1820 respensum
1225 1747 1354 1801 est:
1399 1751 1627 1802 munus
1657 1752 1870 1802 eerum
1900 1748 2149 1817 gratum

343 1845 786 1916 acceptumque
832 1856 1000 1913 esse3
1045 1838 1314 1913 obsides,
1360 1848 1483 1915 que
1532 1839 1668 1899 loce
1709 1844 2019 1913 rogarent,
2054 1839 2150 1898 fu-

342 1942 552 2010 tur6s3
596 1941 875 2012 captives
902 1944 1031 1994 nen
1072 1944 1459 2010 remissserS,
1491 1936 1660 2013 quod
1700 1934 2145 2010 Hannibalem,
2188 1958 2252 2012 15

344 2033 521 2092 euius
552 2040 740 2108 opera
768 2035 1126 2108 susceptum
1154 2032 1391 2091 bellum
1426 2032 1609 2106 foret,
1639 2031 2147 2092 inimicissimum

342 2129 584 2189 nemini
612 2128 915 2202 Remane,
946 2128 1288 2187 etiamnum
1317 2147 1458 2188 eum
1485 2128 1750 2206 imperie
1778 2128 1945 2205 apud
1979 2146 2147 2187 exer-

342 2226 539 2285 eitum
593 2225 895 2284 haberent
948 2224 1225 2301 itemque
1272 2226 1535 2285 fratrem
1591 2225 1725 2285 eius
1791 2227 2141 2300 Magenem.

274 2352 309 2399 4
343 2324 483 2382 Hoc
512 2330 811 2398 respense
839 2321 1406 2396 Karthaginienses
1435 2322 1689 2398 eegnite
1716 2322 2144 2382 Hannibalem

343 2420 593 2478 domum
650 2424 713 2477 et
767 2419 1096 2493 Magenem
1153 2424 1538 2478 revocarunt.
1623 2420 1769 2478 Huc
1815 2424 1890 2477 ut
1934 2418 2141 2493 rediit,
2181 2440 2253 2477 20

340 2526 453 2576 rex
500 2517 706 2575 faetus
756 2520 869 2589 est,
919 2520 1255 2591 postquam
1303 2515 1642 2593 imperator
1697 2516 1922 2589 fuerat,
1979 2524 2144 2575 anne

342 2613 613 2674 secunde
647 2618 709 2671 et
737 2611 1068 2671 vicesimez
1112 2616 1188 2670 ut
1229 2612 1396 2671 enim
1439 2613 1674 2672 Romae
1717 2611 2022 2685 censuleS,
2053 2620 2144 2671 sie

341 2710 735 2784 Karthagine
765 2715 1101 2786 quotannis
1130 2719 1327 2769 annui
1359 2710 1494 2770 bini
1534 2719 1711 2786 reges
1753 2709 2139 2768 creabantur.

274 2832 300 2883 5
341 2807 420 2865 In
448 2815 521 2865 ee
549 2806 923 2880 magistratu
951 2815 1089 2883 pari
1126 2806 1459 2881 diligentia
1499 2816 1565 2866 se
1607 2805 1932 2866 Hannibal
1974 2823 2144 2883 prae-

338 2903 494 2977 buit,
526 2920 596 2961 ae
637 2902 845 2961 fuerat
886 2902 953 2961 in
995 2902 1175 2962 belle.
1261 2904 1550 2979 Namque
1591 2902 1801 2962 effecit
1842 2921 1922 2962 ex
1961 2910 2142 2963 nevis
2182 2926 2250 2980 25

340 2998 752 3073 vectigalibus
797 3007 923 3057 nen
968 2997 1170 3058 selum
1209 3003 1282 3057 ut
1324 3003 1490 3059 esset
1521 2998 1805 3076 pecunia,
1837 3017 1994 3075 quae
2022 2999 2144 3058 Re-

340 3105 543 3156 manis
574 3113 651 3154 ex
678 3094 928 3153 foedere
956 3095 1352 3171 penderetur,
1384 3095 1494 3155 sed
1535 3095 1726 3155 etiam
1769 3100 2140 3173 superesset,
