2417 3534
864 300 1450 353 EPAMINONDAS
1972 283 2058 349 45

250 473 445 520 others’
478 473 631 531 being
659 473 979 531 approached
1010 473 1063 518 in
1097 473 1203 520 like
1235 485 1465 528 manner,
1497 473 1562 520 he
1595 471 1741 530 gives
1769 470 1858 518 the
1887 468 2060 528 king’s

252 553 409 606 agent
439 561 471 594 a
501 549 851 594 saie-conduct
880 553 972 594 out
1002 548 1057 594 ot
1086 549 1173 594 the
1204 551 1439 606 country.

186 693 209 729 1
338 668 447 726 IV.
506 669 775 727 Tentata
807 673 1017 727 autem
1052 667 1187 727 oius
1216 673 1314 727 est
1341 665 1726 727 abstinentia
1749 675 1790 725 a
1815 664 2060 726 Diome-

254 764 447 822 donte
476 764 813 842 Cyzicon&
857 783 1125 842 namque
1154 765 1209 825 is
1239 769 1460 840 rogato
1489 761 1858 824 Artaxerxis
1893 762 2058 838 regis

252 861 757 937 Epaminondam
798 860 1064 939 pecunia
1112 861 1632 939 corrumpendum
1681 864 2055 937 susceperat.

253 957 384 1016 Hic
412 965 638 1032 magno
665 975 805 1017 cum
833 958 1104 1034 pondere
1132 967 1269 1026 auri
1297 958 1544 1017 Thebas
1573 956 1747 1016 venit
1775 960 1839 1015 et
1865 957 2061 1034 Micy-

254 1053 439 1112 thum
466 1053 1023 1130 adulescentulum,
1054 1073 1241 1132 quem
1270 1059 1405 1114 tum
1434 1053 1899 1131 Epaminondas
1928 1052 2061 1129 plu·
2130 1073 2156 1124 5

254 1150 485 1210 rimum
514 1149 834 1227 diligebat,
858 1161 1134 1229 quinque
1162 1150 1421 1210 talentis
1449 1151 1530 1210 ad
1559 1168 1734 1211 suam
1764 1148 2060 1226 perduxit

254 1246 663 1321 voluntatem,
710 1248 1037 1325 Micythus
1093 1247 1594 1324 Epaminondam
1649 1245 1942 1306 convenit
1996 1252 2060 1304 et

188 1366 221 1402 2
256 1361 507 1403 causam
564 1343 873 1404 adventus
930 1343 1370 1404 Diomedontis
1425 1342 1718 1404 ostendit.
1805 1342 1895 1401 At
1950 1341 2060 1400 ille

256 1439 661 1499 Diomedonti
709 1449 917 1500 coram
978 1440 1232 1514 ‘Nihil,'
1279 1439 1505 1517 inquit,
1551 1445 1567 1476 ‘
1586 1458 1740 1516 opus
1796 1438 2062 1515 pecunia

257 1541 385 1596 est:
429 1554 576 1594 nam
604 1545 661 1596 si
689 1546 801 1596 rex
830 1555 903 1596 ea
930 1536 1085 1612 vult,
1118 1555 1277 1613 quae
1307 1536 1623 1596 Thebanis
1667 1539 1816 1596 sunt
1855 1533 2058 1608 utilia,
2102 1555 2161 1590 10

257 1631 475 1708 gratiis
531 1623 737 1692 facere
794 1652 932 1692 sum
986 1637 1262 1711 paratus,
1315 1642 1416 1693 sin
1464 1637 1674 1691 autem
1728 1631 2057 1705 contraria,

257 1738 385 1789 non
420 1729 611 1788 habet
641 1737 776 1788 auri
804 1735 994 1806 atque
1024 1735 1270 1805 argenti
1303 1728 1475 1789 satis.
1559 1729 1850 1805 Namque
1893 1727 2058 1787 orbis

257 1830 565 1885 terrarum
592 1826 853 1886 divitias
882 1826 1161 1903 accipere
1188 1826 1338 1887 nolo
1366 1835 1482 1902 pro
1510 1825 1751 1903 patriae
1779 1823 2057 1884 caritate.

193 1948 225 1999 3
259 1924 358 1981 Tu
405 1922 572 2000 quod
617 1932 717 1982 mo
770 1922 1161 1998 incognitum
1207 1927 1474 1983 tentasti
1515 1928 1736 1999 tuique
1791 1920 2060 1981 similem

259 2019 655 2093 existimasti,
685 2029 812 2080 non
859 2029 1068 2095 miror,
1111 2019 1355 2097 tibique
1403 2027 1688 2095 ignosco;
1741 2018 1852 2078 sed
1900 2027 2064 2093 ogre·
2102 2039 2158 2090 15

261 2116 405 2176 dere
430 2125 710 2194 propere,
739 2125 818 2176 ne
846 2115 1003 2176 alios
1031 2125 1409 2193 corrumpas,
1439 2134 1580 2175 cum
1607 2123 1708 2174 me
1736 2124 1863 2174 non
1889 2120 2065 2191 potu-

260 2213 397 2273 eris.
482 2214 569 2272 Et
619 2218 709 2287 tu,
755 2212 1058 2290 Micythe,
1109 2217 1438 2287 argentum
1484 2211 1632 2271 huic
1679 2211 1886 2285 redde,
1934 2216 2059 2282 aut,

259 2309 384 2369 nisi
412 2309 479 2369 id
506 2309 835 2370 confestim
869 2307 1047 2382 facis,
1079 2318 1193 2383 ego
1225 2315 1290 2368 to
1330 2309 1577 2368 tradam
1619 2307 2059 2382 magistratui)

195 2431 229 2478 4
261 2407 449 2465 Hunc
479 2405 829 2465 Diomedon
856 2423 998 2464 cum
1027 2410 1295 2479 rogaret,
1323 2410 1396 2464 ut
1421 2410 1563 2464 tuto
1591 2413 1761 2463 exire
1805 2422 2060 2480 suaque,

262 2520 417 2580 quae
459 2502 773 2577 attulerat,
821 2501 1040 2561 liceret
1088 2501 1330 2576 efferre,
1376 2506 1392 2537 ‘
1411 2501 1597 2561 Istud
1641 2501 1931 2578 quidem,'
1977 2500 2064 2559 in·
2101 2521 2164 2556 20

262 2599 415 2677 quit,
448 2603 464 2634 ‘
480 2598 728 2672 faciam,
759 2616 961 2675 neque
1002 2603 1114 2657 tua
1154 2607 1358 2672 causa,
1391 2598 1502 2657 sed
1535 2605 1689 2672 mea,
1721 2606 1818 2670 no,
1849 2606 1904 2655 si
1944 2596 2062 2655 tibi

262 2695 345 2756 sit
372 2695 637 2773 pecunia
664 2696 974 2772 adempta,
998 2694 1230 2772 aliquis
1253 2695 1422 2754 dicat
1449 2694 1519 2753 id
1545 2694 1625 2753 ad
1651 2702 1751 2751 mo
1781 2697 2063 2771 ereptum

201 2814 226 2868 5
262 2792 636 2869 pervenisse,
683 2792 850 2869 quod
893 2790 1171 2851 dolatum
1217 2790 1496 2868 accipere
1541 2790 1919 2850 noluissem!
2003 2779 2065 2848 Ᾰ

262 2898 383 2966 quo
426 2906 568 2948 cum
614 2894 979 2966 quaesisset,
1024 2896 1147 2964 quo
1196 2896 1266 2946 so
1315 2886 1541 2946 deduci
1586 2885 1796 2961 vellet,
1844 2892 1908 2945 et
1955 2885 2064 2944 ille

262 2985 545 3045 Athenas
590 2983 874 3059 dixisset,
903 2982 1285 3062 praesidium
1337 2982 1529 3058 dedit,
1559 2988 1633 3042 ut
1675 2988 1814 3042 tuto
1855 3000 2067 3059 perve-
2103 3003 2161 3056 25

262 3088 441 3140 niret.
526 3081 749 3158 Neque
795 3089 943 3140 voro
986 3079 1055 3139 id
1099 3079 1255 3139 satis
1299 3077 1537 3155 habuit,
1586 3078 1697 3139 sed
1741 3077 1948 3152 etiam,
1992 3081 2066 3134 ut
