2417 3534
353 287 438 352 46
882 301 1259 353 CORNELII
1297 301 1638 353 NEPorrs

353 470 694 532 inviolatus
724 470 790 529 in
818 478 1042 530 navem
1072 470 1449 546 escenderet,
1471 489 1583 548 per
1604 470 1938 532 Chabriam
1968 471 2161 532 Athe-

352 567 652 641 niensem,
684 568 760 626 de
806 577 929 645 que
973 577 1164 644 supra
1206 567 1586 628 mentienem
1614 567 1897 642 fecimus,
1928 568 2155 628 effecit.

287 678 318 726 6
353 663 794 724 Abstinentiae
823 665 944 724 erit
985 665 1102 724 hec
1144 665 1299 725 satis
1340 665 1787 726 testimenium.
1874 664 2160 725 Plurima

354 762 604 839 quidem
648 762 928 838 preferre
970 779 1319 838 possumuS,
1352 761 1461 821 sed
1503 762 1723 821 modus
1764 761 2158 823 adhibendus

353 863 467 932 est,
498 859 793 936 quoniam
819 868 946 917 une
972 859 1091 918 hec
1119 858 1438 917 volumine
1476 863 1673 918 vitam
1716 857 2159 919 excellentium
2233 883 2266 937 5

354 955 628 1014 virerum
657 954 1072 1032 complurium
1112 955 1480 1019 concludere
1523 955 1983 1029 eenstituimuS,
2013 965 2161 1033 que-

352 1071 492 1110 rum
520 1062 618 1112 res
649 1051 987 1129 separatim
1016 1051 1235 1111 multis
1271 1051 1525 1112 milibus
1556 1070 1848 1112 versuum
1884 1052 2159 1131 complu-

352 1158 452 1208 res
482 1152 815 1225 scripteres
845 1154 989 1207 ante
1017 1157 1130 1208 nes
1159 1147 1572 1225 explicarunt.

434 1442 460 1500 ς
482 1443 545 1489 V.
588 1444 968 1502 Epaminondas
986 1446 1100 1502 gets
1120 1444 1207 1490 the
1230 1443 1397 1491 better
1416 1444 1473 1490 oi!
1502 1442 1582 1490 his
1610 1444 1743 1491 rival
1773 1444 2080 1492 Meneclides
2100 1445 2155 1492 in

352 1522 601 1576 repartee.

430 1625 565 1683 §VL
606 1627 702 1672 His
741 1626 1014 1684 eloquence
1054 1625 1165 1672 also
1205 1638 1421 1684 appears
1460 1626 1515 1672 in
1554 1621 1793 1684 speeehes
1834 1627 2017 1685 urging
2065 1627 2155 1673 the

350 1701 567 1760 Argives
608 1705 661 1747 to
701 1701 810 1760 join
851 1701 938 1746 the
977 1701 1188 1747 Theban
1230 1701 1463 1758 alliance,
1505 1702 1609 1748 and
1650 1701 1882 1760 showing
1924 1701 2155 1761 Sparta’s

349 1776 495 1823 allies
523 1777 616 1822 her
645 1779 758 1822 true
788 1776 1072 1823 character.

289 1947 308 1982 1
428 1923 502 1983 V.
559 1922 712 1980 Fuit
741 1922 928 1981 etiam
957 1921 1249 1996 disertuS,
1278 1927 1351 1981 ut
1377 1932 1561 1982 neme
1589 1932 1650 1982 ei
1676 1922 2011 1983 Thebanus
2039 1941 2155 2000 par

349 2025 514 2080 esset
563 2019 935 2097 eloquentia,
965 2037 1167 2096 neque
1212 2019 1420 2080 minus
1466 2020 1803 2081 concinnus
1849 2021 1916 2080 in
1957 2020 2154 2080 brevi·
2195 2044 2262 2080 10

347 2121 481 2177 tate
508 2116 929 2193 respondendi
966 2135 1154 2194 quam
1198 2116 1267 2174 in
1311 2123 1616 2194 perpetua
1658 2118 1937 2178 eratiene
1982 2127 2156 2177 orna—

283 2237 315 2273 2
348 2219 468 2273 tus.
567 2213 812 2272 Habuit
854 2213 1331 2274 obtrectaterem
1381 2213 1778 2274 Menecliden
1820 2215 2151 2292 quendam,

349 2309 626 2369 indidem
677 2310 928 2384 Thebis,
969 2315 1032 2369 et
1074 2309 1501 2370 adversarium
1546 2311 1615 2370 in
1656 2311 2156 2372 administranda

347 2416 414 2467 re
453 2407 720 2485 publica,
753 2408 906 2467 satis
949 2407 1361 2467 exercitatum
1403 2407 1470 2465 in
1508 2408 1790 2481 dicende,
1819 2415 1891 2468 ut
1918 2409 2157 2468 Theba-

347 2524 498 2564 num
535 2504 806 2580 scilicet3
852 2523 1123 2582 namque
1166 2504 1268 2563 illi
1312 2510 1487 2579 genti
1528 2504 1670 2581 plus
1712 2504 1878 2564 inest
1920 2505 2152 2564 virium
2195 2529 2257 2583 ¹5

281 2626 313 2677 3
348 2621 534 2679 quam
563 2601 817 2677 ingenii.
903 2601 970 2661 Is
1016 2601 1184 2679 quod
1226 2600 1294 2658 in
1337 2610 1405 2659 re
1447 2601 1713 2661 militari
1744 2587 1965 2660 flerere
1993 2603 2155 2679 Epa-

347 2699 707 2758 minendam
760 2697 1033 2771 videbat,
1090 2697 1332 2756 hortari
1386 2697 1628 2757 solebat
1682 2698 2031 2772 Thebanes,
2081 2704 2155 2758 ut

344 2805 561 2874 pacem
594 2795 760 2854 belle
789 2795 1191 2867 anteferrent,
1224 2803 1302 2852 ne
1340 2793 1514 2855 illius
1544 2794 1937 2872 imperateris
1966 2814 2157 2874 opera

348 2892 820 2953 desideraretur.
905 2891 1078 2950 Huic
1111 2890 1221 2950 ille
1253 2895 1268 2926 ‘
1286 2891 1525 2967 Fallis,'
1554 2891 1780 2970 inquit,
1814 2898 1830 2929 ‘
1850 2893 2039 2953 verbe
2071 2903 2155 2952 cI-

345 2999 454 3049 ves
483 2994 643 3063 tues,
675 2988 843 3066 quod
872 2996 976 3047 ees
1006 2997 1045 3047 a
1070 2987 1239 3048 belle
1266 2997 1525 3049 avocas:
1557 2989 1674 3048 etii
1702 2989 1871 3048 enim
1899 2989 2151 3050 nemine
2190 3015 2261 3051 20

278 3112 312 3159 4
347 3086 712 3147 servitutem
733 3083 1062 3159 concilias3
1093 3103 1239 3143 nam
1260 3085 1503 3164 paritur
1524 3095 1648 3163 pax
1665 3085 1847 3145 belle.
1926 3087 2153 3164 Itaque
