2417 3534
950 310 1382 364 HANNIBAL
1980 299 2064 364 55

188 508 222 558 3
260 480 428 541 citus
472 480 777 542 maximos
824 482 1224 558 comparavit.
1309 483 1410 541 Ex
1449 481 1552 543 his
1583 492 1775 541 unum
1802 482 1870 541 in
1899 470 2068 541 sifri-

261 596 402 637 cam
432 578 622 652 misit,
654 578 917 637 alterum
960 597 1103 638 cum
1144 578 1542 639 Hasdrubale
1573 578 1771 639 fratre
1813 579 1880 637 in
1921 580 2069 639 His-

262 674 456 751 pania
484 674 758 752 reliquit,
789 675 1048 735 tertium
1076 675 1143 734 in
1170 675 1428 735 Italiam
1457 684 1666 735 secum
1696 676 1892 735 duxit.
1973 678 2068 737 Ut

263 770 497 830 saltum
526 772 917 848 Pyrenaeum
968 772 1244 845 transiit,
1295 781 1684 849 quacumque
1730 772 1850 831 iter
1892 772 2064 847 fecit,

262 884 407 927 cum
436 867 720 927 omnibus
743 867 965 928 incolis
988 866 1305 943 conflixit3
1336 867 1646 927 neminem
1675 868 1801 928 nisi
1831 874 2067 929 victum

194 989 229 1036 4
264 963 524 1023 dimisit.
610 963 714 1023 Ad
743 964 937 1041 Alpes
980 969 1387 1041 posteaquam
1419 964 1613 1037 venit,
1645 974 1771 1041 qua
1811 952 2067 1025 Ttaliam

265 1059 345 1119 ab
376 1059 585 1120 Gallia
614 1060 967 1135 seiungunt,
997 1069 1153 1137 quas
1180 1069 1365 1120 nemo
1385 1079 1683 1137 umquam
1714 1079 1856 1120 cum
1899 1080 2065 1120 exer-

264 1155 400 1216 citu
428 1161 571 1215 ante
600 1175 741 1216 eum
770 1162 1015 1233 praeter
1042 1156 1382 1215 Herculem
1427 1157 1687 1217 Graium
1728 1158 2067 1217 transierat

268 1252 421 1330 (quo
447 1253 617 1312 facto
646 1253 700 1312 is
729 1252 915 1312 hodie
944 1253 1144 1315 saltus
1185 1252 1414 1313 Graius
1457 1253 1861 1334 appellatur),
1891 1254 2066 1331 Alpi-

264 1359 371 1409 cos
400 1354 695 1409 conantes
725 1349 1055 1427 prohibere
1084 1349 1360 1410 transitu
1400 1349 1694 1424 concidit,
1724 1350 1861 1409 loca
1901 1359 2068 1428 pate-

262 1446 438 1521 fecit,
462 1446 691 1505 itinera
710 1446 959 1521 muniit,
982 1446 1192 1505 effecit
1210 1450 1286 1505 ut
1305 1454 1381 1505 ea
1408 1446 1779 1523 elephantus
1811 1453 2065 1508 ornatus

267 1551 357 1601 ire
381 1549 609 1619 posset,
634 1551 759 1619 qua
787 1547 972 1601 antea
998 1552 1161 1603 unus
1189 1541 1376 1601 homo
1404 1542 1662 1603 inermis
1684 1544 1793 1601 vix
1821 1550 2068 1619 poterat

268 1648 497 1717 repere.
572 1640 713 1698 Hac
734 1638 944 1716 copias
967 1638 1252 1699 traduxit
1272 1638 1340 1696 in
1361 1627 1737 1716 Ttaliamque
1761 1640 2060 1716 pervenit.

202 1860 225 1891 1
348 1831 458 1891 IV.
517 1830 899 1891 Conflixerat
920 1831 1086 1908 apud
1115 1831 1494 1891 Rhodanum
1515 1849 1656 1890 cum
1680 1831 1748 1890 P.
1777 1832 2066 1893 Cornelio

269 1928 557 2005 Scipione
598 1927 851 1987 consule
893 1945 1159 2004 eumque
1200 1927 1544 2005 pepulerat.
1632 1928 1788 1988 Cum
1831 1928 1946 1989 hoc
1976 1939 2068 1989 eo-

266 2026 409 2084 dem
459 2025 753 2085 Clastidii
807 2024 974 2102 apud
1028 2024 1274 2085 Padum
1327 2024 1609 2085 decernit
1665 2026 2067 2103 sauciumque

204 2145 233 2180 2
266 2122 413 2181 inde
442 2140 513 2181 ac
541 2122 830 2196 fugatum
858 2120 1144 2180 dimittit.
1231 2120 1444 2181 Tertio
1486 2122 1653 2180 idem
1689 2121 1898 2198 Scipio
1926 2141 2068 2182 cum

267 2218 505 2293 collega
560 2218 654 2277 Ti.
706 2218 921 2293 Longo
982 2218 1151 2295 apud
1213 2217 1503 2277 Trebiam
1565 2218 1864 2279 adversus
1926 2239 2068 2279 eum

267 2315 456 2376 venit.
543 2316 699 2375 Cum
748 2315 826 2375 iis
868 2332 1121 2374 manum
1164 2314 1497 2389 conseruit,
1527 2318 1824 2391 utrosque
1867 2316 2070 2392 profli-

2106 1374 2166 1411 10

2109 1958 2163 2011 15

270 2412 456 2488 gavit.
543 2412 699 2471 Inde
742 2430 852 2488 per
893 2411 1156 2487 Ligures
1190 2411 1640 2487 Appenninum
1669 2412 1940 2487 transiit,
1971 2430 2073 2491 pe-
2106 2440 2169 2475 20

184 2508 189 2511 ’
206 2536 235 2585 3
267 2515 407 2569 tens
456 2508 795 2568 Etruriam.
881 2508 1021 2567 Hoc
1068 2508 1137 2566 in
1180 2508 1405 2566 itinere
1441 2508 1596 2567 adeo
1638 2518 1814 2582 gravi
1857 2510 2069 2570 morbo

268 2606 533 2666 afficitur
561 2606 895 2677 oculorum,
919 2610 991 2664 ut
1020 2610 1238 2681 postea
1264 2623 1602 2682 numquam
1627 2604 1846 2665 dextro
1875 2617 2070 2683 aeque

269 2704 425 2764 bene
452 2713 603 2763 usus
635 2702 734 2761 sit.
820 2703 956 2772 Qua
981 2700 1343 2761 valetudine
1373 2718 1513 2759 cum
1555 2700 1898 2761 etiamnum
1939 2722 2072 2781 pre-

269 2805 542 2860 meretur
570 2798 913 2875 lecticaque
940 2799 1230 2872 ferretur,
1252 2798 1316 2857 C.
1341 2797 1724 2857 Flaminium
1753 2799 2071 2859 consulem

270 2898 435 2974 apud
483 2898 980 2956 Trasumennum
1028 2913 1169 2954 cum
1206 2894 1488 2955 exercitu
1528 2894 1777 2955 insidiis
1820 2895 2074 2956 circum-

270 2999 527 3053 ventum
582 2993 828 3067 occidit,
885 3010 1085 3069 neque
1140 2991 1341 3050 multo
1395 2997 1538 3068 post
1583 2992 1649 3053 C.
1699 2993 2072 3053 Centenium

271 3097 618 3168 praetorem
674 3108 814 3148 cum
865 3089 1109 3149 delecta
1154 3098 1346 3148 manu
1394 3088 1594 3149 saltus
1643 3095 2066 3167 occupantem.

2109 2923 2167 2976 25
