2417 3534
336 286 421 347 62
862 297 1241 348 CORNELII
1277 299 1337 349 N
1341 298 1620 350 EPOTIS

336 475 625 541 magnam
671 466 1159 542 multitudinem,
1191 467 1296 527 die
1339 468 1478 545 ipse
1523 478 1646 545 que
1687 467 1969 528 facturus
2003 472 2142 527 erat

334 562 560 621 navale
606 563 931 639 proelium,
977 564 1333 624 classiaries
1379 570 1676 624 convocat
1723 565 1926 641 iisque
1968 582 2140 641 prae-

336 659 508 735 cipit,
540 670 753 719 omnes
795 666 867 719 ut
909 660 975 719 in
1017 670 1207 720 finam
1250 662 1549 720 Eumenis
1579 661 1743 736 regis
1771 666 2142 720 concurrant

336 765 576 829 navem,
609 775 645 815 a
673 762 896 816 ceteris
926 763 1174 817 tantum
1205 758 1360 818 satis
1389 758 1660 818 habeant
1690 768 1756 817 se
1786 757 2135 817 defendere.

337 853 415 911 Id
444 852 587 912 illos
619 853 805 913 facile
836 855 1215 931 serpentium
1251 855 1657 914 multitudine
1681 859 2136 914 censecfiturea
2218 878 2250 932 5

255 960 300 1007 -6
335 950 475 1008 Rex
520 959 727 1009 autem
778 950 844 1009 in
892 961 1018 1028 qua
1058 961 1219 1011 nave
1264 952 1615 1027 veheretur,
1661 957 1734 1010 ut
1779 956 2026 1025 scirent,
2073 960 2142 1011 se

334 1046 684 1120 facturum3
730 1066 913 1123 quem
944 1058 999 1107 si
1027 1054 1135 1107 aut
1165 1048 1480 1125 cepissent
1509 1054 1618 1108 aut
1655 1047 2139 1121 interfecissent,

334 1152 559 1218 magne
588 1144 667 1203 iis
697 1143 1028 1220 pollicetur
1057 1145 1336 1222 praemis>
1365 1145 1516 1205 fore.

277 1360 295 1395 1
416 1339 532 1397 XI.
592 1338 735 1398 Tali
777 1339 1203 1399 cohortatiene
1249 1339 1525 1398 militum
1568 1339 1740 1398 facta
1793 1337 2013 1397 classis
2062 1338 2142 1397 ab

336 1440 618 1513 utrisque
649 1435 715 1493 in
751 1435 1055 1512 proelium
1094 1435 1439 1495 deducitur.
1526 1436 1800 1505 Quarum
1839 1435 1971 1494 acie
2004 1444 2144 1494 cen·
2187 1458 2254 1494 ιο

338 1532 579 1606 stituta,
594 1532 956 1609 priusquam
980 1542 1223 1608 signum
1245 1542 1489 1609 pugnae
1513 1532 1783 1605 daretur,
1799 1530 2140 1605 Hannibal,

337 1636 409 1689 ut
436 1630 645 1707 palam
676 1630 910 1689 faceret
940 1640 1069 1689 suis
1092 1638 1216 1707 quo·
1244 1629 1380 1689 loce
1408 1630 1720 1688 Eumenes
1751 1634 1933 1703 esset,
1952 1628 2143 1688 tabel-

274 1749 302 1785 2
338 1727 563 1786 larium
604 1727 672 1785 in
716 1726 945 1803 scapha
981 1745 1123 1785 cum
1150 1726 1420 1786 caducee
1447 1725 1664 1785 mittit.
1751 1726 1871 1795 Qui
1911 1725 2018 1785 ubi
2061 1726 2142 1785 ad

337 1833 527 1883 naves
574 1822 1068 1883 adversarierum
1114 1823 1404 1899 pervenit
1445 1822 1902 1900 epistulamque
1945 1828 2147 1882 osten-

340 1922 493 1979 dens
544 1930 609 1979 se
658 1929 863 1993 regem
912 1920 1233 1995 prefessus
1283 1925 1380 1979 est
1427 1938 1738 1997 quaerere,
1791 1920 2006 1979 statim
2061 1920 2144 1978 ad
2190 1944 2252 1997 15

338 2018 681 2077 Eumenem
725 2016 1026 2075 deductus
1070 2021 1183 2090 est,
1215 2017 1383 2093 quod
1423 2026 1606 2075 neme
1635 2016 1962 2076 dubitabat
1990 2026 2145 2093 quin

340 2112 581 2189 aliquid
622 2112 700 2170 de
739 2121 889 2188 pace
932 2118 1097 2172 esset
1140 2118 1459 2190 scriptum.
1546 2113 1937 2173 Tabellarius
1967 2113 2143 2173 ducis

338 2218 498 2269 nave
546 2209 864 2268 declarata
908 2218 1057 2283 suia
1100 2210 1318 2271 eedem
1363 2211 1529 2269 unde
1572 2215 1707 2269 erat
1750 2220 2033 2285 egressus
2075 2220 2144 2270 se

274 2333 305 2383 3
341 2306 593 2383 recepit.
679 2304 767 2364 At
816 2308 1127 2367 Eumenes
1178 2308 1385 2367 soluta
1433 2307 1708 2384 epistula
1752 2308 1914 2366 nihil
1960 2308 2026 2366 in
2071 2316 2146 2367 ea

340 2403 618 2480 repperit
658 2402 782 2462 nisi
826 2422 983 2479 quae
1025 2405 1106 2463 ad
1147 2404 1536 2464 irridendum
1567 2422 1707 2462 eum
1738 2405 2138 2481 pertinerent.
2185 2427 2257 2463 20

342 2500 534 2561 Cuius
581 2509 671 2558 rei
715 2505 836 2559 etsi
876 2518 1126 2560 causam
1169 2501 1514 2560 mirabatur
1541 2520 1743 2577 neque
1773 2501 2142 2579 reperiebat,

340 2603 551 2656 tamen
599 2597 901 2675 proelium
951 2598 1166 2657 statim
1213 2597 1602 2658 committere
1647 2607 1772 2657 nen
1808 2597 2138 2657 dubitavit.

273 2723 307 2769 4
342 2695 586 2753 Herum
629 2695 698 2752 in
740 2704 1040 2753 concursu
1082 2694 1351 2772 BIthyni
1391 2694 1770 2754 Hannibalis
1815 2699 2145 2771 praecepte

338 2791 621 2850 universi
647 2800 871 2850 navem
901 2791 1199 2851 Eumenis
1245 2789 1626 2850 adoriuntur.
1713 2792 1984 2861 Querum
2013 2790 2144 2850 vim

340 2896 451 2945 rex
498 2906 637 2947 cum
688 2888 994 2947 sustinere
1038 2898 1164 2947 non
1202 2893 1430 2965 posset,
1462 2889 1617 2963 fuga
1643 2888 1909 2948 salutem
1939 2887 2141 2965 petiit,
2186 2910 2255 2964 25

342 3003 529 3061 quam
559 2989 925 3043 censecutus
954 2994 1079 3043 non
1108 2990 1290 3057 esset,
1320 2984 1446 3043 nisi
1483 2984 1653 3043 intra
1686 3004 1800 3044 sua
1832 2984 2148 3061 praesidia

344 3090 410 3141 se
437 3080 790 3158 recepisset,
811 3097 969 3155 quae
998 3080 1063 3137 in
1092 3080 1378 3156 proxime
1406 3080 1588 3139 litore
1618 3087 1796 3139 erant
1824 3081 2140 3140 collocata.
